3192 5367
632 510 789 563 HUGONIS
812 510 944 572 witois
1323 498 1342 559 ὅ

246 658 390 735 porcione,
400 676 473 736 quus
492 658 573 735 prius
592 657 710 718 reddere
731 658 890 719 consuevit.
932 656 966 719 si
984 662 1082 717 sutem
1101 658 1255 735 contigerit
1270 658 1343 721 dues

245 740 394 817 porciones
406 758 478 815 quos
490 739 614 816 predicti
626 743 728 800 tenent
742 739 837 799 clerici
850 738 983 799 similiter
996 756 1096 798 vecere
1109 744 1167 798 tros
1180 738 1217 799 de
1231 738 1344 802 eisdem

245 820 360 897 equuleo
383 819 456 880 fiunt
481 821 650 897 porciones:
675 825 706 879 et
728 819 778 879 ille
801 825 860 880 tres
880 820 1029 897 porciones
1051 821 1094 879 sic
1115 820 1253 880 distincto
1281 827 1340 882 tres

245 905 383 978 perpetue
397 906 482 960 erunt
501 902 606 961 vicarie
625 902 659 960 in
680 901 779 961 eedem
801 901 919 961 ecclesie
939 901 978 960 ed
997 919 1120 978 querum
1139 900 1299 978 quamlibet
1312 909 1343 963 et

245 980 477 1061 quandocunque
503 982 648 1041 vocaverit
674 982 844 1058 Capitulum
870 981 964 1041 ΕΜ
990 981 1169 1058 presentebit
1200 984 1342 1043 vicarium

245 1066 417 1140 perpetuum
430 1062 515 1122 nobis
529 1068 559 1122 et
578 1063 788 1123 successoribus
807 1063 914 1123 nostris
933 1063 1146 1123 instituendum
1159 1063 1192 1122 in
1211 1064 1343 1125 eudemo

245 1142 330 1202 nobis
350 1148 380 1202 et
402 1142 527 1222 quilibet
550 1143 667 1204 illorum
690 1144 861 1204 vicariorum
884 1144 1029 1221 persolvet
1050 1144 1186 1221 Ospitulo
1205 1144 1300 1205 ΕΜ
1320 1165 1342 1207 v

246 1242 354 1283 meroes
374 1243 485 1284 annues
504 1225 622 1285 nomine
646 1224 778 1301 perpetui
800 1224 934 1285 beneficii
957 1224 994 1284 ds
1016 1244 1068 1284 sus
1087 1226 1223 1301 porcione
1242 1232 1272 1285 et
1292 1228 1343 1286 isti

245 1304 346 1365 vicarii
359 1303 521 1366 deservient
534 1305 567 1365 in
580 1306 681 1366 eedem
701 1305 821 1365 ecclesie
839 1307 977 1365 continue
996 1306 1183 1382 personaliter
1195 1308 1228 1365 in
1241 1306 1342 1367 ordine

246 1386 415 1446 sacerdotali
435 1392 464 1446 et
483 1386 700 1465 respondebunt
718 1386 809 1446 iidem
828 1387 861 1445 in
880 1387 1049 1447 univercum
1067 1386 1105 1445 de
1121 1386 1343 1464 Episoopelibus

246 1466 535 1528 Archidisoonelibue
551 1468 687 1528 oneribus
707 1473 737 1526 et
756 1467 1023 1527 consuetudinibus.
1065 1466 1114 1530 Its
1132 1468 1251 1545 quidem
1263 1468 1344 1545 quod

195 1547 198 1555 ’
246 1549 444 1626 unusquisque
454 1567 506 1626 pro
516 1566 569 1607 sue
578 1549 642 1609 vice
652 1554 682 1609 et
691 1567 744 1607 suo
754 1566 832 1608 enno
841 1548 897 1607 hoc
907 1552 952 1607 est
960 1548 996 1607 de
1006 1547 1175 1608 triennioin
1182 1549 1344 1616 triennium

246 1628 331 1688 nobis
343 1632 374 1688 et
386 1628 596 1689 successoribus
608 1629 716 1690 nostris
729 1634 758 1689 et
767 1628 980 1689 Archidiscono
990 1627 1084 1689 ΟΜ
1093 1634 1154 1689 tom
1167 1628 1204 1689 de
1214 1629 1344 1707 hospicio

247 1728 334 1787 quum
347 1709 383 1769 de
403 1710 522 1789 reliquis
543 1710 679 1771 oneribus
698 1711 732 1769 in
751 1708 832 1770 selid'
853 1710 1049 1787 respondebit.
1087 1709 1217 1770 Ecclesia
1228 1730 1344 1789 quoque

247 1790 377 1867 ejusdem
400 1790 471 1851 ville
498 1792 534 1851 de
554 1791 680 1851 Bemton
700 1800 768 1851 oum
788 1791 924 1850 omnibus
947 1791 1132 1867 pertinenciis
1152 1792 1213 1851 suis
1232 1792 1343 1869 integro

247 1872 378 1948 subjectu
390 1872 446 1931 erit
456 1872 670 1949 imperpetuum
686 1872 771 1931 nobis
791 1876 822 1931 et
841 1872 1051 1932 successoribus
1063 1874 1170 1931 nostris
1183 1879 1213 1932 et
1225 1872 1343 1933 ecclesie

248 1951 329 2012 Linc'
343 1957 373 2011 et
384 1953 597 2013 Archidiecouo
610 1952 705 2016 Oxon’
718 1958 858 2029 tunquam
871 1952 989 2013 ecclesis
1005 1952 1186 2030 parochialis.
1228 1954 1343 2015 sivero

248 2032 579 2111 contigeritelterutrem
592 2038 813 2094 memoraturum
830 2032 953 2093 duorum
965 2035 1134 2111 porcionum
1146 2053 1199 2112 per
1217 2054 1249 2095 ss
1262 2036 1343 2113 prius

247 2133 348 2173 vacere
361 2115 447 2175 nobis
460 2120 489 2174 et
499 2115 708 2175 successoribus
718 2115 826 2173 nostris
833 2115 1047 2192 presentabitur
1054 2122 1209 2192 perpetuus
1219 2116 1344 2175 vicarius

247 2212 299 2272 per
315 2201 505 2255 memoratum
526 2196 695 2273 Capitulum
717 2194 811 2255 ΕΜ
837 2196 875 2255 ed
894 2196 967 2255 dues
986 2201 1082 2274 pestes
1101 2196 1181 2256 illius
1200 2198 1344 2274 porcionis

248 2276 372 2335 snobis
393 2276 599 2337 instituendus.
642 2276 770 2336 Nomine
792 2295 916 2355 querum
938 2276 1032 2336 solvet
1053 2276 1190 2355 Capitulo
1210 2277 1303 2337 ΕΜ
1323 2296 1345 2338 v

248 2375 356 2417 meroes
379 2376 490 2417 snnues
512 2358 631 2417 nomine
653 2358 787 2437 perpetui
809 2358 950 2417 beneficii.
991 2357 1119 2418 Tercism
1143 2377 1211 2418 vero
1234 2364 1345 2435 portem

247 2437 329 2497 illiue
351 2438 497 2515 porcionis
518 2439 630 2499 tenebit
663 2438 741 2499 idem
776 2438 901 2498 vicarius
926 2437 1066 2499 solvendo
1091 2439 1162 2498 inde
1194 2439 1345 2498 mnuetim

249 2518 388 2596 Gepitulc
424 2519 519 2580 ΕΜ
551 2521 670 2579 nomine
705 2520 839 2579 beneficii
871 2519 944 2578 dues
980 2538 1088 2579 merces
1124 2525 1154 2579 et
1193 2519 1346 2579 dimidiam

249 2599 341 2659 donec
367 2599 455 2659 aliem
483 2619 582 2660 vsosrs
609 2601 761 2679 contigerit
787 2600 961 2678 porcionem.
1009 2599 1140 2659 Etcum
1166 2600 1223 2660 slis
1248 2600 1345 2677 porcio

247 2682 393 2740 vscsverit
406 2686 477 2741 tuuc
489 2682 541 2741 ille
554 2682 643 2741 toreis
657 2682 849 2757 conjungetur
868 2682 955 2740 tercie
975 2680 1093 2741 elterius
1108 2680 1252 2757 porcionis
1266 2687 1346 2740 etex

248 2752 308 2821 illis
321 2761 434 2821 duobus
447 2762 544 2822 terciis
556 2762 607 2821 tiet
617 2782 677 2822 unu
690 2763 797 2845 viceris
810 2761 849 2821 sd
864 2780 951 2839 quom
963 2762 1178 2900 pffentcbitur
1189 2766 1347 2838 perpetuus

167 2849 169 2853 '
248 2843 372 2903 vicanus
399 2861 450 2920 per
469 2843 666 2921 supradictum
694 2840 757 2923 [Fe.
781 2839 841 2924 it]
890 2842 977 2920 Cepit
1008 2862 1058 2901 um
1085 2842 1179 2901 ΕΜ
1207 2843 1291 2901 nobis
1318 2848 1349 2902 et

249 2924 459 2984 successoribus
478 2925 585 2984 nostris
609 2944 627 2984 u
650 2924 735 2985 nobis
762 2924 961 2985 instituendus
986 2924 1039 2999 qui
1062 2923 1099 2982 de
1122 2922 1222 2982 eedem
1241 2924 1349 2983 viceris

249 3004 383 3063 similiter
409 3005 504 3065 solvet
527 3004 665 3083 Capitulo
688 3004 781 3065 ΕΜ
804 3005 934 3082 quinque
961 3023 1070 3064 merces
1096 3023 1207 3064 snnucs
1229 3004 1348 3064 nomine

248 3085 381 3163 perpetui
394 3084 534 3147 beneficii.
576 3084 626 3145 Ad
638 3084 712 3145 dues
725 3085 844 3163 quidem
855 3086 926 3145 slies
934 3090 1031 3162 portes
1040 3084 1253 3163 premntebitur
1261 3084 1348 3146 nobis

249 3169 279 3225 et
292 3168 501 3227 successoribus
517 3167 624 3227 nostris
637 3167 771 3227 similiter
790 3167 915 3227 messius
934 3171 1092 3243 perpetuus
1104 3186 1122 3226 s
1134 3167 1219 3225 nobis
1232 3165 1348 3225 institu-

250 3246 342 3307 endus
355 3248 408 3324 qui
421 3249 506 3307 etiem
521 3249 652 3325 quinque
671 3267 780 3307 merces
799 3266 911 3307 annuus
931 3248 1048 3307 nomine
1067 3248 1201 3325 perpetui
1213 3246 1347 3306 beneficii

250 3327 395 3405 sepedicto
416 3329 550 3406 Capitulo
570 3328 662 3389 ΕΜ
687 3330 851 3407 persolvet:
871 3333 902 3387 et
922 3333 1030 3387 extunc
1052 3334 1138 3387 erunt
1162 3334 1219 3387 tres
1241 3327 1347 3388 vicarie

249 3414 386 3486 perpetue
406 3414 435 3468 et
454 3416 513 3469 tres
532 3410 633 3470 vicarii
655 3412 788 3487 perpetui
809 3411 843 3469 iu
865 3408 965 3468 eedem
986 3408 1105 3467 ecclesis
1123 3410 1345 3486 imperpetuum.

250 3489 310 3565 Qui
323 3491 423 3550 vicsrii
436 3491 478 3551 sic
490 3510 542 3570 per
554 3510 608 3551 nos
622 3495 651 3550 et
672 3509 847 3551 successores
866 3495 980 3549 nostros
999 3490 1129 3549 instituti
1142 3496 1203 3549 tem
1216 3489 1302 3548 nobis
1316 3493 1347 3548 et

249 3570 460 3631 successoribus
482 3572 589 3631 nostris
612 3576 642 3632 et
665 3569 783 3632 ecclesie
806 3570 939 3631 Linooln'
962 3576 992 3629 et
1014 3571 1227 3631 Archidiscono
1251 3569 1346 3630 ΟΜ

248 3670 335 3728 quom
349 3652 486 3730 Cspitulo
499 3651 593 3712 ΕΜ
606 3653 766 3713 secundum
783 3651 865 3730 quod
878 3652 1049 3729 premissum
1062 3657 1107 3712 est
1119 3649 1345 3729 respondebunt.

249 3732 346 3795 Salvis
358 3734 391 3793 iu
404 3733 539 3794 omnibns
552 3734 599 3793 dc.

310 3810 454 3895 [Inserted
465 3815 497 3873 in
506 3816 552 3874 tire
562 3816 678 3891 morpin
688 3814 721 3873 io
730 3833 751 3874 o
760 3814 1064 3889 eonomporarytand
1074 3812 1158 3872 2-de
1166 3812 1221 3872 hec
1229 3811 1347 3872 ecclesis

248 3893 401 3973 hubent(t)
416 3895 448 3972 iij
464 3896 572 3956 solidos
584 3914 636 3973 per
649 3915 731 3956 oon.
767 3940 774 3955 .
817 3893 983 3972 .Hugonis
994 3913 1073 3954 nunc
1087 3893 1214 3972 episcopi
1224 3890 1347 3975 etcsp¹.]

250 4138 258 4151 ι
310 4066 475 4152 ΒυΙῑξιῐοΝἶ
499 4058 616 4151 Vicaris
625 4058 658 4117 in
669 4056 787 4117 ecclesis
796 4055 834 4116 de
842 4055 957 4134 Burton
970 4056 1054 4133 cujus
1063 4075 1152 4164 unam
1161 4055 1345 4149 medietatem

248 4136 1126 4296 titttttttt„titttitbtqtttttttitt
1136 4137 1275 4294 {idi
1283 4136 1347 4309 tt

249 4300 385 4387 sltsrsgio
399 4302 475 4361 etin
487 4300 610 4361 dimidie
624 4302 733 4378 virgste
753 4305 828 4359 torre
847 4318 913 4359 cum
932 4303 1015 4375 proto
1028 4299 1066 4358 ed
1079 4298 1187 4358 dictem
1200 4298 1347 4358 ecclesium
