<?xml version="1.0" encoding="UTF-8"?>
<!DOCTYPE html PUBLIC "-//W3C//DTD XHTML 1.0 Transitional//EN"
    "http://www.w3.org/TR/xhtml1/DTD/xhtml1-transitional.dtd">
<html xmlns="http://www.w3.org/1999/xhtml" xml:lang="en" lang="en">
 <head>
  <title>
</title>
<meta http-equiv="Content-Type" content="text/html;charset=utf-8" />
  <meta name='ocr-system' content='tesseract 3.04.00' />
  <meta name='ocr-capabilities' content='ocr_page ocr_carea ocr_par ocr_line ocrx_word'/>
</head>
<body>
  <div class='ocr_page' id='page_1' title='image "./liberantiquusde00wgoog_0106.png"; bbox 0 0 3192 5367; ppageno 0'>
   <div class='ocr_carea' id='block_1_1' title="bbox 241 538 1406 773">
    <p class='ocr_par' dir='ltr' id='par_1_1' title="bbox 241 538 1406 773">
     <span class='ocr_line' id='line_1_1' title="bbox 241 538 999 611; baseline 0 -10"><span class='ocrx_word' id='word_1_1' title='bbox 241 594 248 611; x_wconf 82' lang='grc'><strong>,</strong></span> <span class='ocrx_word' id='word_1_2' title='bbox 309 538 351 601; x_wconf 76' lang='grc'>92</span> <span class='ocrx_word' id='word_1_3' title='bbox 695 546 801 603; x_wconf 72' lang='lat' dir='ltr'>usne</span> <span class='ocrx_word' id='word_1_4' title='bbox 822 544 999 611; x_wconf 71' lang='lat' dir='ltr'>rumonus</span> 
     </span>
     <span class='ocr_line' id='line_1_2' title="bbox 307 670 1406 773; baseline -0.004 -12"><span class='ocrx_word' id='word_1_5' title='bbox 307 702 345 761; x_wconf 72' lang='lat' dir='ltr'>se</span> <span class='ocrx_word' id='word_1_6' title='bbox 364 698 536 773; x_wconf 70' lang='lat' dir='ltr'>reseres,</span> <span class='ocrx_word' id='word_1_7' title='bbox 553 698 589 759; x_wconf 80' lang='lat' dir='ltr'>n</span> <span class='ocrx_word' id='word_1_8' title='bbox 611 698 649 757; x_wconf 72' lang='lat' dir='ltr'>ee</span> <span class='ocrx_word' id='word_1_9' title='bbox 668 670 806 770; x_wconf 71' lang='grc'><strong>66616,</strong></span> <span class='ocrx_word' id='word_1_10' title='bbox 826 696 935 756; x_wconf 73' lang='lat' dir='ltr'>meon</span> <span class='ocrx_word' id='word_1_11' title='bbox 955 696 992 757; x_wconf 70' lang='lat' dir='ltr'>oe</span> <span class='ocrx_word' id='word_1_12' title='bbox 1012 694 1128 768; x_wconf 67' lang='lat' dir='ltr'>sessu,</span> <span class='ocrx_word' id='word_1_13' title='bbox 1149 696 1197 757; x_wconf 88' lang='lat' dir='ltr'>w.</span> <span class='ocrx_word' id='word_1_14' title='bbox 1214 696 1251 757; x_wconf 73' lang='lat' dir='ltr'>oe</span> <span class='ocrx_word' id='word_1_15' title='bbox 1270 696 1406 771; x_wconf 64' lang='lat' dir='ltr'>Auaron,</span> 
     </span>
    </p>
   </div>
   <div class='ocr_carea' id='block_1_2' title="bbox 304 777 1408 1103">
    <p class='ocr_par' dir='ltr' id='par_1_2' title="bbox 304 777 1408 1103">
     <span class='ocr_line' id='line_1_3' title="bbox 306 777 1408 857; baseline -0.005 -15"><span class='ocrx_word' id='word_1_16' title='bbox 306 782 340 842; x_wconf 92' lang='lat' dir='ltr'>P.</span> <span class='ocrx_word' id='word_1_17' title='bbox 353 778 542 854; x_wconf 57' lang='grc' dir='ltr'>(1611611311Ὃ</span> <span class='ocrx_word' id='word_1_18' title='bbox 553 780 591 839; x_wconf 92' lang='lat' dir='ltr'>de</span> <span class='ocrx_word' id='word_1_19' title='bbox 601 778 716 851; x_wconf 90' lang='lat' dir='ltr'>Bohun‚</span> <span class='ocrx_word' id='word_1_20' title='bbox 727 778 873 838; x_wconf 77' lang='lat' dir='ltr'>cononicis</span> <span class='ocrx_word' id='word_1_21' title='bbox 883 778 974 852; x_wconf 85' lang='lat' dir='ltr'>Lino&#39;,</span> <span class='ocrx_word' id='word_1_22' title='bbox 985 777 1134 857; x_wconf 74' lang='lat' dir='ltr'>Magistris</span> <span class='ocrx_word' id='word_1_23' title='bbox 1144 777 1180 838; x_wconf 82' lang='lat' dir='ltr'>R</span> <span class='ocrx_word' id='word_1_24' title='bbox 1190 778 1227 837; x_wconf 90' lang='lat' dir='ltr'>de</span> <span class='ocrx_word' id='word_1_25' title='bbox 1236 778 1408 853; x_wconf 84' lang='lat' dir='ltr'>Tinghurst,</span> 
     </span>
     <span class='ocr_line' id='line_1_4' title="bbox 306 858 1408 937; baseline -0.004 -14"><span class='ocrx_word' id='word_1_26' title='bbox 306 868 337 923; x_wconf 93' lang='lat' dir='ltr'>et</span> <span class='ocrx_word' id='word_1_27' title='bbox 350 863 385 923; x_wconf 88' lang='lat'>0.</span> <span class='ocrx_word' id='word_1_28' title='bbox 400 863 438 922; x_wconf 94' lang='lat' dir='ltr'>de</span> <span class='ocrx_word' id='word_1_29' title='bbox 451 860 614 923; x_wconf 84' lang='lat' dir='ltr'>Cheinduit</span> <span class='ocrx_word' id='word_1_30' title='bbox 628 860 738 933; x_wconf 86' lang='lat' dir='ltr'>clerico,</span> <span class='ocrx_word' id='word_1_31' title='bbox 753 864 783 919; x_wconf 91' lang='lat' dir='ltr'>et</span> <span class='ocrx_word' id='word_1_32' title='bbox 796 858 869 919; x_wconf 84' lang='lat' dir='ltr'>eliis</span> <span class='ocrx_word' id='word_1_33' title='bbox 911 858 980 919; x_wconf 88' lang='lat' dir='ltr'>Det&#39;</span> <span class='ocrx_word' id='word_1_34' title='bbox 993 878 1045 937; x_wconf 88' lang='lat' dir='ltr'>per</span> <span class='ocrx_word' id='word_1_35' title='bbox 1058 878 1162 919; x_wconf 89' lang='lat' dir='ltr'>menus</span> <span class='ocrx_word' id='word_1_36' title='bbox 1174 858 1223 919; x_wconf 86' lang='lat' dir='ltr'>W.</span> <span class='ocrx_word' id='word_1_37' title='bbox 1239 858 1275 918; x_wconf 93' lang='lat' dir='ltr'>de</span> <span class='ocrx_word' id='word_1_38' title='bbox 1288 858 1408 919; x_wconf 85' lang='lat' dir='ltr'>Tornsc’</span> 
     </span>
     <span class='ocr_line' id='line_1_5' title="bbox 304 935 1406 1019; baseline -0.002 -16"><span class='ocrx_word' id='word_1_39' title='bbox 304 942 500 1003; x_wconf 71' lang='lat' dir='ltr'><strong>archidiaconi</strong></span> <span class='ocrx_word' id='word_1_40' title='bbox 513 940 610 1003; x_wconf 81' lang='lat' dir='ltr'>Stowe</span> <span class='ocrx_word' id='word_1_41' title='bbox 619 941 652 999; x_wconf 92' lang='lat' dir='ltr'>in</span> <span class='ocrx_word' id='word_1_42' title='bbox 663 935 799 1019; x_wconf 81' lang='lat' dir='ltr'>Cepitnlo</span> <span class='ocrx_word' id='word_1_43' title='bbox 810 937 892 999; x_wconf 89' lang='lat' dir='ltr'>Linc’</span> <span class='ocrx_word' id='word_1_44' title='bbox 902 940 981 1017; x_wconf 77' lang='lat' dir='ltr'>opud</span> <span class='ocrx_word' id='word_1_45' title='bbox 991 939 1073 1000; x_wconf 89' lang='lat' dir='ltr'>Linc’</span> <span class='ocrx_word' id='word_1_46' title='bbox 1084 940 1172 1001; x_wconf 89' lang='lat' dir='ltr'>tercio</span> <span class='ocrx_word' id='word_1_47' title='bbox 1185 938 1244 1003; x_wconf 83' lang='lat' dir='ltr'>ksl.</span> <span class='ocrx_word' id='word_1_48' title='bbox 1255 940 1406 1017; x_wconf 80' lang='lat' dir='ltr'>Februorij</span> 
     </span>
     <span class='ocr_line' id='line_1_6' title="bbox 305 1021 822 1103; baseline -0.008 -18"><span class='ocrx_word' id='word_1_49' title='bbox 305 1024 493 1103; x_wconf 72' lang='lat' dir='ltr'>pontificatus</span> <span class='ocrx_word' id='word_1_50' title='bbox 505 1022 599 1082; x_wconf 88' lang='lat' dir='ltr'>nostri</span> <span class='ocrx_word' id='word_1_51' title='bbox 611 1041 689 1082; x_wconf 84' lang='lat' dir='ltr'>enno</span> <span class='ocrx_word' id='word_1_52' title='bbox 701 1021 822 1081; x_wconf 90' lang='lat' dir='ltr'>decimo.</span> 
     </span>
    </p>
   </div>
   <div class='ocr_carea' id='block_1_3' title="bbox 238 1182 1408 2560">
    <p class='ocr_par' dir='ltr' id='par_1_3' title="bbox 395 1182 954 1261">
     <span class='ocr_line' id='line_1_7' title="bbox 395 1182 954 1261; baseline -0.005 -17"><span class='ocrx_word' id='word_1_53' title='bbox 395 1198 519 1255; x_wconf 72' lang='grc' dir='ltr'><strong>υΑῃτΑ</strong></span> <span class='ocrx_word' id='word_1_54' title='bbox 529 1202 603 1261; x_wconf 85' lang='lat' dir='ltr'>pars</span> <span class='ocrx_word' id='word_1_55' title='bbox 616 1184 727 1244; x_wconf 79' lang='grc'><strong>66616616</strong></span> <span class='ocrx_word' id='word_1_56' title='bbox 739 1184 775 1243; x_wconf 79' lang='lat' dir='ltr'>dc</span> <span class='ocrx_word' id='word_1_57' title='bbox 788 1182 954 1258; x_wconf 78' lang='lat' dir='ltr'>Kyrltetors&#39;.</span> 
     </span>
    </p>

    <p class='ocr_par' dir='ltr' id='par_1_4' title="bbox 238 1262 1408 2560">
     <span class='ocr_line' id='line_1_8' title="bbox 398 1262 1407 1341; baseline -0.003 -15"><span class='ocrx_word' id='word_1_58' title='bbox 398 1267 521 1326; x_wconf 84' lang='lat' dir='ltr'>niversis</span> <span class='ocrx_word' id='word_1_59' title='bbox 533 1267 580 1325; x_wconf 82' lang='lat' dir='ltr'>dre.</span> <span class='ocrx_word' id='word_1_60' title='bbox 623 1265 748 1325; x_wconf 77' lang='lat' dir='ltr'>Noverit</span> <span class='ocrx_word' id='word_1_61' title='bbox 755 1264 931 1324; x_wconf 69' lang='lat' dir='ltr'><strong>universitas</strong></span> <span class='ocrx_word' id='word_1_62' title='bbox 944 1267 1039 1323; x_wconf 86' lang='lat' dir='ltr'>vestre</span> <span class='ocrx_word' id='word_1_63' title='bbox 1052 1281 1106 1323; x_wconf 91' lang='lat' dir='ltr'>nos</span> <span class='ocrx_word' id='word_1_64' title='bbox 1120 1262 1157 1323; x_wconf 93' lang='lat' dir='ltr'>de</span> <span class='ocrx_word' id='word_1_65' title='bbox 1171 1281 1291 1323; x_wconf 80' lang='lat' dir='ltr'>assensu</span> <span class='ocrx_word' id='word_1_66' title='bbox 1301 1262 1407 1341; x_wconf 85' lang='lat' dir='ltr'>Rogeri</span> 
     </span>
     <span class='ocr_line' id='line_1_9' title="bbox 304 1344 1407 1425; baseline -0.002 -18"><span class='ocrx_word' id='word_1_67' title='bbox 304 1346 419 1409; x_wconf 90' lang='lat' dir='ltr'>Deceni</span> <span class='ocrx_word' id='word_1_68' title='bbox 451 1352 481 1407; x_wconf 91' lang='lat' dir='ltr'>et</span> <span class='ocrx_word' id='word_1_69' title='bbox 507 1346 639 1425; x_wconf 75' lang='lat' dir='ltr'>Capituli</span> <span class='ocrx_word' id='word_1_70' title='bbox 671 1344 764 1405; x_wconf 89' lang='lat' dir='ltr'>nostri</span> <span class='ocrx_word' id='word_1_71' title='bbox 789 1344 873 1404; x_wconf 87' lang='lat' dir='ltr'>Lino&#39;</span> <span class='ocrx_word' id='word_1_72' title='bbox 900 1344 1071 1404; x_wconf 88' lang='lat' dir='ltr'>concessisse</span> <span class='ocrx_word' id='word_1_73' title='bbox 1104 1348 1135 1405; x_wconf 88' lang='lat' dir='ltr'>et</span> <span class='ocrx_word' id='word_1_74' title='bbox 1167 1345 1296 1423; x_wconf 80' lang='lat' dir='ltr'>presenti</span> <span class='ocrx_word' id='word_1_75' title='bbox 1328 1350 1407 1405; x_wconf 76' lang='grc'><strong>66616</strong></span> 
     </span>
     <span class='ocr_line' id='line_1_10' title="bbox 304 1424 1406 1502; baseline -0.004 -13"><span class='ocrx_word' id='word_1_76' title='bbox 304 1430 487 1489; x_wconf 81' lang='lat' dir='ltr'>confirmasse</span> <span class='ocrx_word' id='word_1_77' title='bbox 506 1428 621 1487; x_wconf 86' lang='lat' dir='ltr'>dilectis</span> <span class='ocrx_word' id='word_1_78' title='bbox 639 1426 673 1485; x_wconf 91' lang='lat' dir='ltr'>in</span> <span class='ocrx_word' id='word_1_79' title='bbox 693 1426 811 1487; x_wconf 84' lang='lat' dir='ltr'>Christo</span> <span class='ocrx_word' id='word_1_80' title='bbox 830 1425 899 1485; x_wconf 88' lang='lat' dir='ltr'>filiis</span> <span class='ocrx_word' id='word_1_81' title='bbox 919 1424 1014 1485; x_wconf 90' lang='lat' dir='ltr'>Priori</span> <span class='ocrx_word' id='word_1_82' title='bbox 1034 1429 1064 1485; x_wconf 89' lang='lat' dir='ltr'>et</span> <span class='ocrx_word' id='word_1_83' title='bbox 1083 1424 1222 1485; x_wconf 80' lang='lat' dir='ltr'>iratribus</span> <span class='ocrx_word' id='word_1_84' title='bbox 1243 1424 1406 1502; x_wconf 77' lang='lat' dir='ltr'>Hospitalis</span> 
     </span>
     <span class='ocr_line' id='line_1_11' title="bbox 303 1506 1408 1585; baseline -0.005 -15"><span class='ocrx_word' id='word_1_85' title='bbox 303 1508 535 1570; x_wconf 83' lang='lat' dir='ltr'>Jeruselimiteni</span> <span class='ocrx_word' id='word_1_86' title='bbox 561 1510 594 1571; x_wconf 89' lang='lat' dir='ltr'>in</span> <span class='ocrx_word' id='word_1_87' title='bbox 621 1507 729 1585; x_wconf 84' lang='lat' dir='ltr'>Anglie</span> <span class='ocrx_word' id='word_1_88' title='bbox 754 1526 855 1567; x_wconf 90' lang='lat' dir='ltr'>omnes</span> <span class='ocrx_word' id='word_1_89' title='bbox 881 1506 1006 1565; x_wconf 76' lang='lat' dir='ltr'>decimes</span> <span class='ocrx_word' id='word_1_90' title='bbox 1034 1506 1187 1585; x_wconf 72' lang='lat' dir='ltr'>garbarum</span> <span class='ocrx_word' id='word_1_91' title='bbox 1213 1506 1251 1565; x_wconf 86' lang='lat' dir='ltr'>cd</span> <span class='ocrx_word' id='word_1_92' title='bbox 1274 1512 1408 1583; x_wconf 85' lang='lat' dir='ltr'>quartem</span> 
     </span>
     <span class='ocr_line' id='line_1_12' title="bbox 238 1586 1407 1669; baseline -0.004 -18"><span class='ocrx_word' id='word_1_93' title='bbox 238 1629 243 1642; x_wconf 61' lang='grc' dir='ltr'><strong><em>ι</em></strong></span> <span class='ocrx_word' id='word_1_94' title='bbox 304 1596 417 1669; x_wconf 85' lang='lat' dir='ltr'>purtem</span> <span class='ocrx_word' id='word_1_95' title='bbox 436 1590 554 1651; x_wconf 88' lang='lat' dir='ltr'>ecclesie</span> <span class='ocrx_word' id='word_1_96' title='bbox 574 1590 612 1649; x_wconf 93' lang='lat' dir='ltr'>de</span> <span class='ocrx_word' id='word_1_97' title='bbox 631 1588 780 1648; x_wconf 84' lang='lat' dir='ltr'>Kirketon</span> <span class='ocrx_word' id='word_1_98' title='bbox 798 1587 1012 1667; x_wconf 76' lang='lat' dir='ltr'>pertinencium</span> <span class='ocrx_word' id='word_1_99' title='bbox 1032 1606 1103 1665; x_wconf 83' lang='lat' dir='ltr'>ques</span> <span class='ocrx_word' id='word_1_100' title='bbox 1123 1606 1175 1666; x_wconf 86' lang='lat' dir='ltr'>per</span> <span class='ocrx_word' id='word_1_101' title='bbox 1191 1586 1352 1647; x_wconf 87' lang='lat' dir='ltr'>Robertum</span> <span class='ocrx_word' id='word_1_102' title='bbox 1368 1587 1407 1647; x_wconf 93' lang='lat' dir='ltr'>de</span> 
     </span>
     <span class='ocr_line' id='line_1_13' title="bbox 305 1668 1407 1749; baseline -0.004 -18"><span class='ocrx_word' id='word_1_103' title='bbox 305 1672 433 1732; x_wconf 85' lang='lat' dir='ltr'>Herdres</span> <span class='ocrx_word' id='word_1_104' title='bbox 446 1670 593 1749; x_wconf 80' lang='lat' dir='ltr'>quondam</span> <span class='ocrx_word' id='word_1_105' title='bbox 607 1669 767 1731; x_wconf 89' lang='lat' dir='ltr'>Officielem</span> <span class='ocrx_word' id='word_1_106' title='bbox 779 1668 1041 1729; x_wconf 83' lang='lat' dir='ltr'>Archidieconetus</span> <span class='ocrx_word' id='word_1_107' title='bbox 1054 1668 1136 1728; x_wconf 88' lang='lat' dir='ltr'>Linc&#39;</span> <span class='ocrx_word' id='word_1_108' title='bbox 1146 1668 1227 1745; x_wconf 89' lang='lat' dir='ltr'>prius</span> <span class='ocrx_word' id='word_1_109' title='bbox 1240 1668 1407 1727; x_wconf 78' lang='lat' dir='ltr'>habuerunt</span> 
     </span>
     <span class='ocr_line' id='line_1_14' title="bbox 303 1748 1403 1830; baseline -0.004 -17"><span class='ocrx_word' id='word_1_110' title='bbox 303 1753 338 1812; x_wconf 90' lang='lat' dir='ltr'>in</span> <span class='ocrx_word' id='word_1_111' title='bbox 356 1772 427 1813; x_wconf 89' lang='lat' dir='ltr'>usus</span> <span class='ocrx_word' id='word_1_112' title='bbox 449 1752 552 1830; x_wconf 87' lang='lat' dir='ltr'>prioris</span> <span class='ocrx_word' id='word_1_113' title='bbox 579 1756 609 1811; x_wconf 91' lang='lat' dir='ltr'>et</span> <span class='ocrx_word' id='word_1_114' title='bbox 635 1752 758 1810; x_wconf 83' lang='lat' dir='ltr'>iretrnm</span> <span class='ocrx_word' id='word_1_115' title='bbox 777 1766 938 1829; x_wconf 77' lang='lat' dir='ltr'>pauperum</span> <span class='ocrx_word' id='word_1_116' title='bbox 960 1748 1114 1828; x_wconf 81' lang='lat' dir='ltr'>hospitalis</span> <span class='ocrx_word' id='word_1_117' title='bbox 1134 1754 1216 1809; x_wconf 83' lang='lat' dir='ltr'>extre</span> <span class='ocrx_word' id='word_1_118' title='bbox 1240 1750 1342 1809; x_wconf 80' lang='lat' dir='ltr'>villam</span> <span class='ocrx_word' id='word_1_119' title='bbox 1373 1748 1403 1809; x_wconf 86' lang='lat' dir='ltr'>S.</span> 
     </span>
     <span class='ocr_line' id='line_1_15' title="bbox 304 1830 1407 1911; baseline -0.005 -18"><span class='ocrx_word' id='word_1_120' title='bbox 304 1834 416 1894; x_wconf 86' lang='lat' dir='ltr'>Botulfi</span> <span class='ocrx_word' id='word_1_121' title='bbox 435 1833 469 1892; x_wconf 92' lang='lat' dir='ltr'>in</span> <span class='ocrx_word' id='word_1_122' title='bbox 487 1832 635 1911; x_wconf 81' lang='lat' dir='ltr'>Hoylend’</span> <span class='ocrx_word' id='word_1_123' title='bbox 655 1832 898 1892; x_wconf 75' lang='lat' dir='ltr'>commorantium</span> <span class='ocrx_word' id='word_1_124' title='bbox 914 1830 1123 1890; x_wconf 81' lang='lat' dir='ltr'>convertendus</span> <span class='ocrx_word' id='word_1_125' title='bbox 1143 1834 1173 1889; x_wconf 88' lang='lat' dir='ltr'>et</span> <span class='ocrx_word' id='word_1_126' title='bbox 1192 1830 1407 1908; x_wconf 88' lang='lat' dir='ltr'>imperpetuum</span> 
     </span>
     <span class='ocr_line' id='line_1_16' title="bbox 303 1911 1408 1992; baseline -0.004 -18"><span class='ocrx_word' id='word_1_127' title='bbox 303 1914 509 1992; x_wconf 84' lang='lat' dir='ltr'>possidendos:</span> <span class='ocrx_word' id='word_1_128' title='bbox 530 1913 833 1990; x_wconf 85' lang='lat' dir='ltr'>insupereciemduss</span> <span class='ocrx_word' id='word_1_129' title='bbox 842 1930 950 1971; x_wconf 81' lang='lat' dir='ltr'>merces</span> <span class='ocrx_word' id='word_1_130' title='bbox 957 1912 994 1971; x_wconf 91' lang='lat' dir='ltr'>de</span> <span class='ocrx_word' id='word_1_131' title='bbox 1004 1912 1126 1971; x_wconf 88' lang='lat' dir='ltr'>minutis</span> <span class='ocrx_word' id='word_1_132' title='bbox 1135 1911 1255 1971; x_wconf 89' lang='lat' dir='ltr'>decimis</span> <span class='ocrx_word' id='word_1_133' title='bbox 1263 1911 1408 1971; x_wconf 88' lang='lat' dir='ltr'>etobven-</span> 
     </span>
     <span class='ocr_line' id='line_1_17' title="bbox 303 1992 1405 2078; baseline -0.005 -23"><span class='ocrx_word' id='word_1_134' title='bbox 303 1997 437 2055; x_wconf 72' lang='lat' dir='ltr'>tionibus</span> <span class='ocrx_word' id='word_1_135' title='bbox 449 1994 581 2071; x_wconf 82' lang='lat' dir='ltr'>eltnregii</span> <span class='ocrx_word' id='word_1_136' title='bbox 593 1994 724 2071; x_wconf 88' lang='lat' dir='ltr'>ejusdem</span> <span class='ocrx_word' id='word_1_137' title='bbox 737 1998 839 2071; x_wconf 85' lang='lat' dir='ltr'>querte</span> <span class='ocrx_word' id='word_1_138' title='bbox 857 1992 949 2078; x_wconf 88' lang='lat' dir='ltr'>pertis</span> <span class='ocrx_word' id='word_1_139' title='bbox 968 1992 1121 2053; x_wconf 86' lang='lat' dir='ltr'>ennuetim</span> <span class='ocrx_word' id='word_1_140' title='bbox 1140 1992 1258 2051; x_wconf 88' lang='lat' dir='ltr'>nomine</span> <span class='ocrx_word' id='word_1_141' title='bbox 1271 1992 1405 2069; x_wconf 92' lang='lat' dir='ltr'>perpetui</span> 
     </span>
     <span class='ocr_line' id='line_1_18' title="bbox 303 2072 1407 2153; baseline -0.003 -17"><span class='ocrx_word' id='word_1_142' title='bbox 303 2076 437 2137; x_wconf 88' lang='lat' dir='ltr'>beneficii</span> <span class='ocrx_word' id='word_1_143' title='bbox 449 2080 566 2135; x_wconf 80' lang='lat' dir='ltr'>tentum</span> <span class='ocrx_word' id='word_1_144' title='bbox 584 2074 784 2153; x_wconf 84' lang='lat' dir='ltr'>percipiendos</span> <span class='ocrx_word' id='word_1_145' title='bbox 804 2093 856 2153; x_wconf 91' lang='lat' dir='ltr'>per</span> <span class='ocrx_word' id='word_1_146' title='bbox 874 2092 978 2133; x_wconf 84' lang='lat' dir='ltr'>menne</span> <span class='ocrx_word' id='word_1_147' title='bbox 996 2092 1117 2152; x_wconf 89' lang='lat' dir='ltr'>persone</span> <span class='ocrx_word' id='word_1_148' title='bbox 1136 2073 1218 2133; x_wconf 87' lang='lat' dir='ltr'>illius</span> <span class='ocrx_word' id='word_1_149' title='bbox 1237 2074 1356 2133; x_wconf 77' lang='lat' dir='ltr'>ecclesie</span> <span class='ocrx_word' id='word_1_150' title='bbox 1369 2072 1407 2133; x_wconf 91' lang='lat' dir='ltr'>de</span> 
     </span>
     <span class='ocr_line' id='line_1_19' title="bbox 303 2154 1406 2235; baseline -0.003 -18"><span class='ocrx_word' id='word_1_151' title='bbox 303 2157 411 2235; x_wconf 89' lang='lat' dir='ltr'>quibus</span> <span class='ocrx_word' id='word_1_152' title='bbox 433 2162 558 2234; x_wconf 80' lang='lat' dir='ltr'>quotuor</span> <span class='ocrx_word' id='word_1_153' title='bbox 580 2174 689 2215; x_wconf 81' lang='lat' dir='ltr'>merces</span> <span class='ocrx_word' id='word_1_154' title='bbox 712 2157 794 2233; x_wconf 90' lang='lat' dir='ltr'>prins</span> <span class='ocrx_word' id='word_1_155' title='bbox 820 2154 965 2234; x_wconf 85' lang='lat' dir='ltr'>percipere</span> <span class='ocrx_word' id='word_1_156' title='bbox 988 2160 1208 2215; x_wconf 87' lang='lat' dir='ltr'>consueverunt.</span> <span class='ocrx_word' id='word_1_157' title='bbox 1252 2154 1350 2215; x_wconf 77' lang='lat' dir='ltr'>Salvis</span> <span class='ocrx_word' id='word_1_158' title='bbox 1372 2154 1406 2214; x_wconf 91' lang='lat' dir='ltr'>in</span> 
     </span>
     <span class='ocr_line' id='line_1_20' title="bbox 303 2235 1406 2313; baseline -0.002 -16"><span class='ocrx_word' id='word_1_159' title='bbox 303 2238 439 2298; x_wconf 90' lang='lat' dir='ltr'>omnibus</span> <span class='ocrx_word' id='word_1_160' title='bbox 452 2239 498 2297; x_wconf 76' lang='lat' dir='ltr'>dcc.</span> <span class='ocrx_word' id='word_1_161' title='bbox 540 2236 581 2296; x_wconf 85' lang='lat' dir='ltr'>Et</span> <span class='ocrx_word' id='word_1_162' title='bbox 593 2241 628 2296; x_wconf 91' lang='lat' dir='ltr'>ut</span> <span class='ocrx_word' id='word_1_163' title='bbox 640 2236 696 2296; x_wconf 91' lang='lat' dir='ltr'>hec</span> <span class='ocrx_word' id='word_1_164' title='bbox 708 2242 807 2296; x_wconf 85' lang='lat' dir='ltr'>nostre</span> <span class='ocrx_word' id='word_1_165' title='bbox 826 2236 1016 2309; x_wconf 82' lang='lat' dir='ltr'>confirmacio,</span> <span class='ocrx_word' id='word_1_166' title='bbox 1031 2236 1077 2296; x_wconf 77' lang='lat' dir='ltr'>dec.</span> <span class='ocrx_word' id='word_1_167' title='bbox 1121 2235 1257 2295; x_wconf 84' lang='lat' dir='ltr'>Testibus</span> <span class='ocrx_word' id='word_1_168' title='bbox 1270 2240 1305 2295; x_wconf 91' lang='lat' dir='ltr'>nt</span> <span class='ocrx_word' id='word_1_169' title='bbox 1319 2254 1406 2313; x_wconf 90' lang='lat' dir='ltr'>suprs</span> 
     </span>
     <span class='ocr_line' id='line_1_21' title="bbox 304 2316 1405 2397; baseline -0.004 -18"><span class='ocrx_word' id='word_1_170' title='bbox 304 2325 382 2379; x_wconf 85' lang='lat' dir='ltr'>certe</span> <span class='ocrx_word' id='word_1_171' title='bbox 395 2318 527 2397; x_wconf 83' lang='lat' dir='ltr'>proxime</span> <span class='ocrx_word' id='word_1_172' title='bbox 546 2316 686 2395; x_wconf 78' lang='lat' dir='ltr'>oppositis</span> <span class='ocrx_word' id='word_1_173' title='bbox 705 2317 754 2376; x_wconf 89' lang='lat' dir='ltr'>hic</span> <span class='ocrx_word' id='word_1_174' title='bbox 774 2317 836 2378; x_wconf 85' lang='lat' dir='ltr'>Ric.</span> <span class='ocrx_word' id='word_1_175' title='bbox 852 2316 890 2377; x_wconf 91' lang='lat' dir='ltr'>de</span> <span class='ocrx_word' id='word_1_176' title='bbox 903 2316 1057 2378; x_wconf 85' lang='lat' dir='ltr'>Lindwud&#39;</span> <span class='ocrx_word' id='word_1_177' title='bbox 1071 2322 1102 2377; x_wconf 92' lang='lat' dir='ltr'>et</span> <span class='ocrx_word' id='word_1_178' title='bbox 1121 2316 1195 2376; x_wconf 87' lang='lat' dir='ltr'>Rob.</span> <span class='ocrx_word' id='word_1_179' title='bbox 1211 2316 1248 2376; x_wconf 91' lang='lat' dir='ltr'>de</span> <span class='ocrx_word' id='word_1_180' title='bbox 1262 2316 1360 2377; x_wconf 89' lang='lat' dir='ltr'>Holm’</span> <span class='ocrx_word' id='word_1_181' title='bbox 1375 2320 1405 2376; x_wconf 91' lang='lat' dir='ltr'>et</span> 
     </span>
     <span class='ocr_line' id='line_1_22' title="bbox 304 2396 1405 2478; baseline -0.004 -16"><span class='ocrx_word' id='word_1_182' title='bbox 304 2400 454 2478; x_wconf 75' lang='lat' dir='ltr'>Stephano</span> <span class='ocrx_word' id='word_1_183' title='bbox 474 2400 512 2459; x_wconf 92' lang='lat' dir='ltr'>de</span> <span class='ocrx_word' id='word_1_184' title='bbox 525 2398 593 2461; x_wconf 83' lang='lat' dir='ltr'>Cic’.</span> <span class='ocrx_word' id='word_1_185' title='bbox 635 2397 705 2458; x_wconf 82' lang='lat' dir='ltr'>Dst’</span> <span class='ocrx_word' id='word_1_186' title='bbox 728 2418 780 2477; x_wconf 87' lang='lat' dir='ltr'>per</span> <span class='ocrx_word' id='word_1_187' title='bbox 802 2416 907 2459; x_wconf 88' lang='lat' dir='ltr'>menus</span> <span class='ocrx_word' id='word_1_188' title='bbox 931 2397 980 2459; x_wconf 87' lang='lat' dir='ltr'>W.</span> <span class='ocrx_word' id='word_1_189' title='bbox 1006 2398 1043 2458; x_wconf 92' lang='lat' dir='ltr'>de</span> <span class='ocrx_word' id='word_1_190' title='bbox 1066 2397 1184 2458; x_wconf 83' lang='lat' dir='ltr'>Tornsc&#39;</span> <span class='ocrx_word' id='word_1_191' title='bbox 1198 2396 1405 2459; x_wconf 83' lang='lat' dir='ltr'>Archidisconi</span> 
     </span>
     <span class='ocr_line' id='line_1_23' title="bbox 305 2478 1401 2560; baseline -0.005 -16"><span class='ocrx_word' id='word_1_192' title='bbox 305 2480 403 2544; x_wconf 81' lang='lat' dir='ltr'>Stowe</span> <span class='ocrx_word' id='word_1_193' title='bbox 415 2482 495 2560; x_wconf 80' lang='lat' dir='ltr'>opud</span> <span class='ocrx_word' id='word_1_194' title='bbox 507 2478 589 2540; x_wconf 82' lang='lat' dir='ltr'>Linc’</span> <span class='ocrx_word' id='word_1_195' title='bbox 603 2481 728 2557; x_wconf 89' lang='lat' dir='ltr'>septimo</span> <span class='ocrx_word' id='word_1_196' title='bbox 741 2479 788 2539; x_wconf 86' lang='lat' dir='ltr'>Id’</span> <span class='ocrx_word' id='word_1_197' title='bbox 797 2478 948 2557; x_wconf 77' lang='lat' dir='ltr'>Februsrij</span> <span class='ocrx_word' id='word_1_198' title='bbox 963 2478 1149 2557; x_wconf 81' lang='lat' dir='ltr'>pontificatus</span> <span class='ocrx_word' id='word_1_199' title='bbox 1162 2479 1255 2539; x_wconf 89' lang='lat' dir='ltr'>nostri</span> <span class='ocrx_word' id='word_1_200' title='bbox 1267 2498 1345 2540; x_wconf 84' lang='lat' dir='ltr'>enno</span> <span class='ocrx_word' id='word_1_201' title='bbox 1358 2486 1401 2539; x_wconf 78' lang='lat'>1⁰.</span> 
     </span>
    </p>
   </div>
   <div class='ocr_carea' id='block_1_4' title="bbox 361 2636 1405 2780">
    <p class='ocr_par' dir='ltr' id='par_1_5' title="bbox 361 2636 1405 2780">
     <span class='ocr_line' id='line_1_24' title="bbox 361 2636 950 2694; baseline -0.005 0"><span class='ocrx_word' id='word_1_202' title='bbox 361 2637 634 2694; x_wconf 70' lang='grc' dir='ltr'><strong>ΑΡΡΒΟΡΗΙΑΟΙΟ</strong></span> <span class='ocrx_word' id='word_1_203' title='bbox 651 2636 950 2693; x_wconf 60' lang='lat' dir='ltr'>centurionum.</span> 
     </span>
     <span class='ocr_line' id='line_1_25' title="bbox 364 2701 1405 2780; baseline -0.003 -16"><span class='ocrx_word' id='word_1_204' title='bbox 364 2705 519 2765; x_wconf 82' lang='lat' dir='ltr'>Universis</span> <span class='ocrx_word' id='word_1_205' title='bbox 532 2703 583 2769; x_wconf 71' lang='lat' dir='ltr'>duc.</span> <span class='ocrx_word' id='word_1_206' title='bbox 619 2702 744 2763; x_wconf 87' lang='lat' dir='ltr'>Noverit</span> <span class='ocrx_word' id='word_1_207' title='bbox 756 2701 931 2762; x_wconf 86' lang='lat' dir='ltr'>universitss</span> <span class='ocrx_word' id='word_1_208' title='bbox 944 2704 1040 2762; x_wconf 82' lang='lat' dir='ltr'>vestus</span> <span class='ocrx_word' id='word_1_209' title='bbox 1054 2720 1108 2762; x_wconf 90' lang='lat' dir='ltr'>nos</span> <span class='ocrx_word' id='word_1_210' title='bbox 1122 2702 1290 2761; x_wconf 78' lang='lat' dir='ltr'>decessum</span> <span class='ocrx_word' id='word_1_211' title='bbox 1299 2701 1405 2780; x_wconf 79' lang='lat' dir='ltr'>Rogeri</span> 
     </span>
    </p>
   </div>
   <div class='ocr_carea' id='block_1_5' title="bbox 290 2779 1408 3575">
    <p class='ocr_par' dir='ltr' id='par_1_6' title="bbox 290 2779 1408 3575">
     <span class='ocr_line' id='line_1_26' title="bbox 304 2779 1406 2862; baseline -0.001 -18"><span class='ocrx_word' id='word_1_212' title='bbox 304 2785 417 2845; x_wconf 89' lang='lat' dir='ltr'>Deceni</span> <span class='ocrx_word' id='word_1_213' title='bbox 439 2790 469 2846; x_wconf 93' lang='lat' dir='ltr'>et</span> <span class='ocrx_word' id='word_1_214' title='bbox 491 2783 621 2862; x_wconf 79' lang='lat' dir='ltr'>Capituli</span> <span class='ocrx_word' id='word_1_215' title='bbox 649 2779 743 2843; x_wconf 82' lang='lat' dir='ltr'>nostri</span> <span class='ocrx_word' id='word_1_216' title='bbox 762 2782 845 2841; x_wconf 87' lang='lat' dir='ltr'>Linc&#39;</span> <span class='ocrx_word' id='word_1_217' title='bbox 858 2782 959 2843; x_wconf 85' lang='lat' dir='ltr'>divine</span> <span class='ocrx_word' id='word_1_218' title='bbox 979 2784 1097 2859; x_wconf 78' lang='lat' dir='ltr'>pietatis</span> <span class='ocrx_word' id='word_1_219' title='bbox 1116 2784 1229 2843; x_wconf 89' lang='lat' dir='ltr'>intuitu</span> <span class='ocrx_word' id='word_1_220' title='bbox 1242 2783 1355 2843; x_wconf 84' lang='lat' dir='ltr'>dedisse</span> <span class='ocrx_word' id='word_1_221' title='bbox 1375 2787 1406 2843; x_wconf 92' lang='lat' dir='ltr'>et</span> 
     </span>
     <span class='ocr_line' id='line_1_27' title="bbox 304 2863 1405 2926; baseline -0.003 0"><span class='ocrx_word' id='word_1_222' title='bbox 304 2867 478 2926; x_wconf 84' lang='lat' dir='ltr'>concessisse</span> <span class='ocrx_word' id='word_1_223' title='bbox 503 2865 616 2925; x_wconf 77' lang='lat' dir='ltr'>Abboti</span> <span class='ocrx_word' id='word_1_224' title='bbox 641 2870 672 2924; x_wconf 95' lang='lat' dir='ltr'>et</span> <span class='ocrx_word' id='word_1_225' title='bbox 698 2864 867 2926; x_wconf 73' lang='lat' dir='ltr'>Conventm</span> <span class='ocrx_word' id='word_1_226' title='bbox 893 2863 930 2923; x_wconf 89' lang='lat' dir='ltr'>de</span> <span class='ocrx_word' id='word_1_227' title='bbox 957 2864 1165 2924; x_wconf 83' lang='lat' dir='ltr'>Blsnchelsnd’</span> <span class='ocrx_word' id='word_1_228' title='bbox 1191 2864 1340 2925; x_wconf 84' lang='lat' dir='ltr'>ecclesium</span> <span class='ocrx_word' id='word_1_229' title='bbox 1367 2863 1405 2923; x_wconf 89' lang='lat' dir='ltr'>de</span> 
     </span>
     <span class='ocr_line' id='line_1_28' title="bbox 290 2944 1406 3025; baseline 0.003 -23"><span class='ocrx_word' id='word_1_230' title='bbox 290 2946 550 3025; x_wconf 75' lang='lat' dir='ltr'>Kemeringehem</span> <span class='ocrx_word' id='word_1_231' title='bbox 576 2965 634 3023; x_wconf 87' lang='lat' dir='ltr'>que</span> <span class='ocrx_word' id='word_1_232' title='bbox 661 2944 698 3005; x_wconf 88' lang='lat' dir='ltr'>de</span> <span class='ocrx_word' id='word_1_233' title='bbox 724 2964 824 3005; x_wconf 90' lang='lat' dir='ltr'>eorum</span> <span class='ocrx_word' id='word_1_234' title='bbox 850 2949 894 3004; x_wconf 87' lang='lat' dir='ltr'>est</span> <span class='ocrx_word' id='word_1_235' title='bbox 920 2944 1113 3005; x_wconf 83' lang='lat' dir='ltr'>edvoeecione</span> <span class='ocrx_word' id='word_1_236' title='bbox 1132 2946 1165 3005; x_wconf 93' lang='lat' dir='ltr'>in</span> <span class='ocrx_word' id='word_1_237' title='bbox 1185 2945 1315 3023; x_wconf 88' lang='lat' dir='ltr'>proprios</span> <span class='ocrx_word' id='word_1_238' title='bbox 1334 2964 1406 3005; x_wconf 82' lang='lat' dir='ltr'>nsrrs</span> 
     </span>
     <span class='ocr_line' id='line_1_29' title="bbox 306 3025 1408 3106; baseline -0.002 -19"><span class='ocrx_word' id='word_1_239' title='bbox 306 3028 520 3106; x_wconf 86' lang='lat' dir='ltr'>imperpetuum</span> <span class='ocrx_word' id='word_1_240' title='bbox 529 3026 740 3104; x_wconf 81' lang='lat' dir='ltr'>possidendum.</span> <span class='ocrx_word' id='word_1_241' title='bbox 776 3025 1280 3103; x_wconf 74' lang='lat' dir='ltr'>Salveperpetuericsrieineedem</span> <span class='ocrx_word' id='word_1_242' title='bbox 1289 3027 1408 3086; x_wconf 85' lang='grc'><strong>66616616</strong></span> 
     </span>
     <span class='ocr_line' id='line_1_30' title="bbox 303 3107 1406 3186; baseline 0 -19"><span class='ocrx_word' id='word_1_243' title='bbox 303 3128 356 3186; x_wconf 88' lang='lat' dir='ltr'>per</span> <span class='ocrx_word' id='word_1_244' title='bbox 368 3128 422 3169; x_wconf 91' lang='lat' dir='ltr'>nos</span> <span class='ocrx_word' id='word_1_245' title='bbox 435 3110 579 3186; x_wconf 75' lang='lat' dir='ltr'>assignate</span> <span class='ocrx_word' id='word_1_246' title='bbox 588 3108 721 3167; x_wconf 83' lang='lat' dir='ltr'>Gilberto</span> <span class='ocrx_word' id='word_1_247' title='bbox 732 3107 889 3184; x_wconf 75' lang='lat' dir='ltr'>capellano</span> <span class='ocrx_word' id='word_1_248' title='bbox 903 3126 990 3183; x_wconf 90' lang='lat' dir='ltr'>quem</span> <span class='ocrx_word' id='word_1_249' title='bbox 1000 3108 1038 3166; x_wconf 91' lang='lat' dir='ltr'>ed</span> <span class='ocrx_word' id='word_1_250' title='bbox 1048 3109 1294 3185; x_wconf 73' lang='lat' dir='ltr'>presentationem</span> <span class='ocrx_word' id='word_1_251' title='bbox 1306 3126 1406 3167; x_wconf 92' lang='lat' dir='ltr'>eorum</span> 
     </span>
     <span class='ocr_line' id='line_1_31' title="bbox 304 3188 1405 3267; baseline -0.002 -18"><span class='ocrx_word' id='word_1_252' title='bbox 304 3190 343 3249; x_wconf 89' lang='lat' dir='ltr'>ed</span> <span class='ocrx_word' id='word_1_253' title='bbox 365 3190 459 3267; x_wconf 84' lang='lat' dir='ltr'>ipsum</span> <span class='ocrx_word' id='word_1_254' title='bbox 479 3189 651 3249; x_wconf 88' lang='lat' dir='ltr'>edmisimus</span> <span class='ocrx_word' id='word_1_255' title='bbox 673 3192 704 3247; x_wconf 94' lang='grc'>61</span> <span class='ocrx_word' id='word_1_256' title='bbox 723 3188 756 3247; x_wconf 92' lang='lat' dir='ltr'>in</span> <span class='ocrx_word' id='word_1_257' title='bbox 775 3206 810 3247; x_wconf 92' lang='grc'>66</span> <span class='ocrx_word' id='word_1_258' title='bbox 829 3188 972 3247; x_wconf 79' lang='lat' dir='ltr'>vicarium</span> <span class='ocrx_word' id='word_1_259' title='bbox 987 3193 1160 3265; x_wconf 91' lang='lat' dir='ltr'>perpetuum</span> <span class='ocrx_word' id='word_1_260' title='bbox 1172 3189 1355 3249; x_wconf 85' lang='lat' dir='ltr'>instituimus</span> <span class='ocrx_word' id='word_1_261' title='bbox 1374 3192 1405 3247; x_wconf 89' lang='grc'>61</span> 
     </span>
     <span class='ocr_line' id='line_1_32' title="bbox 303 3268 1405 3347; baseline -0.003 -16"><span class='ocrx_word' id='word_1_262' title='bbox 303 3270 515 3331; x_wconf 87' lang='lat' dir='ltr'>successoribus</span> <span class='ocrx_word' id='word_1_263' title='bbox 524 3271 585 3330; x_wconf 91' lang='lat' dir='ltr'>suis</span> <span class='ocrx_word' id='word_1_264' title='bbox 594 3270 628 3330; x_wconf 90' lang='lat' dir='ltr'>in</span> <span class='ocrx_word' id='word_1_265' title='bbox 638 3270 739 3329; x_wconf 87' lang='lat' dir='ltr'>eedem</span> <span class='ocrx_word' id='word_1_266' title='bbox 748 3269 867 3329; x_wconf 86' lang='lat' dir='ltr'>ecclesie</span> <span class='ocrx_word' id='word_1_267' title='bbox 876 3268 909 3328; x_wconf 92' lang='lat' dir='ltr'>in</span> <span class='ocrx_word' id='word_1_268' title='bbox 921 3270 1045 3347; x_wconf 88' lang='lat' dir='ltr'>propriis</span> <span class='ocrx_word' id='word_1_269' title='bbox 1058 3269 1187 3347; x_wconf 87' lang='lat' dir='ltr'>personis</span> <span class='ocrx_word' id='word_1_270' title='bbox 1199 3269 1405 3329; x_wconf 84' lang='lat' dir='ltr'>ministraturis</span> 
     </span>
     <span class='ocr_line' id='line_1_33' title="bbox 303 3350 1405 3429; baseline -0.001 -17"><span class='ocrx_word' id='word_1_271' title='bbox 303 3371 323 3412; x_wconf 87' lang='lat' dir='ltr'>e</span> <span class='ocrx_word' id='word_1_272' title='bbox 349 3352 486 3429; x_wconf 85' lang='lat' dir='ltr'>predictis</span> <span class='ocrx_word' id='word_1_273' title='bbox 511 3351 629 3411; x_wconf 82' lang='lat' dir='ltr'>Abbote</span> <span class='ocrx_word' id='word_1_274' title='bbox 655 3357 686 3410; x_wconf 91' lang='lat' dir='ltr'>et</span> <span class='ocrx_word' id='word_1_275' title='bbox 712 3354 860 3410; x_wconf 86' lang='lat' dir='ltr'>conventu</span> <span class='ocrx_word' id='word_1_276' title='bbox 886 3350 925 3409; x_wconf 88' lang='lat' dir='ltr'>ed</span> <span class='ocrx_word' id='word_1_277' title='bbox 951 3369 1015 3410; x_wconf 89' lang='lat' dir='ltr'>eem</span> <span class='ocrx_word' id='word_1_278' title='bbox 1041 3351 1175 3411; x_wconf 88' lang='lat' dir='ltr'>similiter</span> <span class='ocrx_word' id='word_1_279' title='bbox 1205 3350 1405 3429; x_wconf 83' lang='lat' dir='ltr'>presentendis</span> 
     </span>
     <span class='ocr_line' id='line_1_34' title="bbox 303 3431 1405 3511; baseline -0.001 -19"><span class='ocrx_word' id='word_1_280' title='bbox 303 3434 442 3510; x_wconf 86' lang='lat' dir='ltr'>quociens</span> <span class='ocrx_word' id='word_1_281' title='bbox 464 3434 559 3510; x_wconf 81' lang='lat' dir='ltr'>ipsam</span> <span class='ocrx_word' id='word_1_282' title='bbox 579 3433 718 3492; x_wconf 69' lang='grc'><strong>6166116616</strong></span> <span class='ocrx_word' id='word_1_283' title='bbox 739 3450 841 3493; x_wconf 75' lang='lat' dir='ltr'>secere</span> <span class='ocrx_word' id='word_1_284' title='bbox 864 3431 1018 3511; x_wconf 81' lang='lat' dir='ltr'>contigerit</span> <span class='ocrx_word' id='word_1_285' title='bbox 1041 3432 1126 3492; x_wconf 90' lang='lat' dir='ltr'>nobis</span> <span class='ocrx_word' id='word_1_286' title='bbox 1146 3436 1176 3492; x_wconf 91' lang='lat' dir='ltr'>et</span> <span class='ocrx_word' id='word_1_287' title='bbox 1194 3432 1405 3493; x_wconf 88' lang='lat' dir='ltr'>successoribus</span> 
     </span>
     <span class='ocr_line' id='line_1_35' title="bbox 304 3512 1349 3575; baseline -0.002 -1"><span class='ocrx_word' id='word_1_288' title='bbox 304 3515 411 3575; x_wconf 87' lang='lat' dir='ltr'>nostris</span> <span class='ocrx_word' id='word_1_289' title='bbox 423 3514 696 3575; x_wconf 86' lang='lat' dir='ltr'>etineecenonioe</span> <span class='ocrx_word' id='word_1_290' title='bbox 707 3512 906 3574; x_wconf 89' lang='lat' dir='ltr'>instituendis.</span> <span class='ocrx_word' id='word_1_291' title='bbox 1347 3540 1349 3547; x_wconf 54' lang='lat'><strong><em>¹</em></strong></span> 
     </span>
    </p>
   </div>
   <div class='ocr_carea' id='block_1_6' title="bbox 303 3676 1407 4406">
    <p class='ocr_par' dir='ltr' id='par_1_7' title="bbox 365 3676 845 3752">
     <span class='ocr_line' id='line_1_36' title="bbox 365 3676 845 3752; baseline -0.004 -7"><span class='ocrx_word' id='word_1_292' title='bbox 365 3688 573 3745; x_wconf 73' lang='lat' dir='ltr'>osururcro</span> <span class='ocrx_word' id='word_1_293' title='bbox 592 3676 701 3736; x_wconf 74' lang='grc'><strong>616616</strong></span> <span class='ocrx_word' id='word_1_294' title='bbox 712 3676 845 3752; x_wconf 66' lang='lat' dir='ltr'>eudon.</span> 
     </span>
    </p>

    <p class='ocr_par' dir='ltr' id='par_1_8' title="bbox 303 3756 1407 4406">
     <span class='ocr_line' id='line_1_37' title="bbox 365 3756 1404 3834; baseline 0.001 -18"><span class='ocrx_word' id='word_1_295' title='bbox 365 3758 431 3834; x_wconf 79' lang='lat' dir='ltr'>Quo</span> <span class='ocrx_word' id='word_1_296' title='bbox 450 3756 569 3834; x_wconf 87' lang='lat' dir='ltr'>quidem</span> <span class='ocrx_word' id='word_1_297' title='bbox 588 3757 696 3817; x_wconf 82' lang='lat' dir='ltr'>viceris</span> <span class='ocrx_word' id='word_1_298' title='bbox 708 3758 842 3817; x_wconf 90' lang='lat' dir='ltr'>consistit</span> <span class='ocrx_word' id='word_1_299' title='bbox 860 3757 894 3816; x_wconf 92' lang='lat' dir='ltr'>in</span> <span class='ocrx_word' id='word_1_300' title='bbox 913 3760 975 3817; x_wconf 91' lang='grc'><strong>1616</strong></span> <span class='ocrx_word' id='word_1_301' title='bbox 989 3756 1126 3834; x_wconf 80' lang='lat' dir='ltr'>sltsrsgio</span> <span class='ocrx_word' id='word_1_302' title='bbox 1140 3756 1270 3834; x_wconf 84' lang='lat' dir='ltr'>ejusdem</span> <span class='ocrx_word' id='word_1_303' title='bbox 1286 3756 1404 3817; x_wconf 90' lang='grc'><strong>66616616</strong></span> 
     </span>
     <span class='ocr_line' id='line_1_38' title="bbox 304 3837 1405 3916; baseline -0.002 -17"><span class='ocrx_word' id='word_1_304' title='bbox 304 3844 336 3900; x_wconf 90' lang='grc'>61</span> <span class='ocrx_word' id='word_1_305' title='bbox 357 3838 391 3898; x_wconf 91' lang='lat' dir='ltr'>in</span> <span class='ocrx_word' id='word_1_306' title='bbox 413 3838 541 3916; x_wconf 84' lang='lat' dir='ltr'>quodem</span> <span class='ocrx_word' id='word_1_307' title='bbox 564 3838 641 3898; x_wconf 80' lang='lat' dir='ltr'>tofto</span> <span class='ocrx_word' id='word_1_308' title='bbox 664 3843 695 3898; x_wconf 95' lang='lat' dir='ltr'>et</span> <span class='ocrx_word' id='word_1_309' title='bbox 713 3838 809 3898; x_wconf 88' lang='lat' dir='ltr'>tribus</span> <span class='ocrx_word' id='word_1_310' title='bbox 827 3837 943 3898; x_wconf 84' lang='lat' dir='ltr'>bovetis</span> <span class='ocrx_word' id='word_1_311' title='bbox 963 3842 1037 3897; x_wconf 91' lang='lat' dir='ltr'>terre</span> <span class='ocrx_word' id='word_1_312' title='bbox 1050 3838 1204 3898; x_wconf 83' lang='lat' dir='ltr'>dominicis</span> <span class='ocrx_word' id='word_1_313' title='bbox 1217 3839 1405 3915; x_wconf 89' lang='lat' dir='ltr'>ecclesieque</span> 
     </span>
     <span class='ocr_line' id='line_1_39' title="bbox 303 3917 1404 3996; baseline -0.002 -15"><span class='ocrx_word' id='word_1_314' title='bbox 303 3921 448 3981; x_wconf 85' lang='lat' dir='ltr'>Robertus</span> <span class='ocrx_word' id='word_1_315' title='bbox 471 3918 579 3978; x_wconf 83' lang='lat' dir='ltr'>Tnmin</span> <span class='ocrx_word' id='word_1_316' title='bbox 601 3920 699 3979; x_wconf 89' lang='lat' dir='ltr'>tenuit</span> <span class='ocrx_word' id='word_1_317' title='bbox 721 3924 752 3978; x_wconf 94' lang='lat' dir='ltr'>et</span> <span class='ocrx_word' id='word_1_318' title='bbox 774 3921 807 3978; x_wconf 94' lang='lat' dir='ltr'>in</span> <span class='ocrx_word' id='word_1_319' title='bbox 831 3919 943 3979; x_wconf 88' lang='lat' dir='ltr'>decime</span> <span class='ocrx_word' id='word_1_320' title='bbox 970 3917 1051 3996; x_wconf 67' lang='lat' dir='ltr'>viiji⁰</span> <span class='ocrx_word' id='word_1_321' title='bbox 1074 3920 1246 3980; x_wconf 80' lang='lat' dir='ltr'>boveterum</span> <span class='ocrx_word' id='word_1_322' title='bbox 1273 3924 1347 3981; x_wconf 87' lang='lat' dir='ltr'>terre</span> <span class='ocrx_word' id='word_1_323' title='bbox 1366 3919 1404 3979; x_wconf 87' lang='lat' dir='ltr'>de</span> 
     </span>
     <span class='ocr_line' id='line_1_40' title="bbox 303 3999 1407 4081; baseline -0.002 -18"><span class='ocrx_word' id='word_1_324' title='bbox 303 4002 412 4081; x_wconf 90' lang='lat' dir='ltr'>quibus</span> <span class='ocrx_word' id='word_1_325' title='bbox 424 4001 487 4062; x_wconf 90' lang='lat' dir='ltr'>Ric.</span> <span class='ocrx_word' id='word_1_326' title='bbox 502 4001 543 4060; x_wconf 83' lang='lat' dir='ltr'>fil&#39;</span> <span class='ocrx_word' id='word_1_327' title='bbox 557 4000 676 4075; x_wconf 91' lang='lat' dir='ltr'>Heruei,</span> <span class='ocrx_word' id='word_1_328' title='bbox 695 3999 769 4060; x_wconf 89' lang='lat' dir='ltr'>Rob.</span> <span class='ocrx_word' id='word_1_329' title='bbox 792 4000 916 4073; x_wconf 71' lang='lat' dir='ltr'>Beeufin</span> <span class='ocrx_word' id='word_1_330' title='bbox 938 4001 1000 4061; x_wconf 85' lang='lat' dir='ltr'>Ric.</span> <span class='ocrx_word' id='word_1_331' title='bbox 1023 3999 1132 4061; x_wconf 84' lang='lat' dir='ltr'>Bechel</span> <span class='ocrx_word' id='word_1_332' title='bbox 1147 4006 1177 4061; x_wconf 89' lang='lat' dir='ltr'>et</span> <span class='ocrx_word' id='word_1_333' title='bbox 1197 4003 1259 4063; x_wconf 88' lang='lat' dir='ltr'>Ric.</span> <span class='ocrx_word' id='word_1_334' title='bbox 1281 4002 1407 4061; x_wconf 83' lang='lat' dir='ltr'>Tenetor</span> 
     </span>
     <span class='ocr_line' id='line_1_41' title="bbox 303 4081 1406 4161; baseline -0.001 -19"><span class='ocrx_word' id='word_1_335' title='bbox 303 4084 412 4161; x_wconf 83' lang='lat' dir='ltr'>singuli</span> <span class='ocrx_word' id='word_1_336' title='bbox 425 4083 498 4142; x_wconf 85' lang='lat' dir='ltr'>dues</span> <span class='ocrx_word' id='word_1_337' title='bbox 510 4083 631 4142; x_wconf 86' lang='lat' dir='ltr'>bovetes</span> <span class='ocrx_word' id='word_1_338' title='bbox 642 4082 676 4140; x_wconf 91' lang='lat' dir='ltr'>in</span> <span class='ocrx_word' id='word_1_339' title='bbox 696 4081 796 4141; x_wconf 90' lang='lat' dir='ltr'>eedem</span> <span class='ocrx_word' id='word_1_340' title='bbox 815 4082 887 4141; x_wconf 84' lang='lat' dir='ltr'>ville</span> <span class='ocrx_word' id='word_1_341' title='bbox 906 4087 1015 4141; x_wconf 88' lang='lat' dir='ltr'>tenent.</span> <span class='ocrx_word' id='word_1_342' title='bbox 1059 4082 1144 4142; x_wconf 92' lang='lat' dir='ltr'>Idem</span> <span class='ocrx_word' id='word_1_343' title='bbox 1164 4087 1260 4143; x_wconf 83' lang='lat' dir='ltr'>eutem</span> <span class='ocrx_word' id='word_1_344' title='bbox 1280 4083 1406 4143; x_wconf 77' lang='lat' dir='ltr'>vicarius</span> 
     </span>
     <span class='ocr_line' id='line_1_42' title="bbox 304 4162 1405 4242; baseline -0.003 -16"><span class='ocrx_word' id='word_1_345' title='bbox 304 4166 353 4227; x_wconf 84' lang='lat' dir='ltr'>vel</span> <span class='ocrx_word' id='word_1_346' title='bbox 365 4183 540 4225; x_wconf 89' lang='lat' dir='ltr'>successores</span> <span class='ocrx_word' id='word_1_347' title='bbox 553 4164 600 4222; x_wconf 91' lang='lat' dir='ltr'>sui</span> <span class='ocrx_word' id='word_1_348' title='bbox 613 4163 650 4222; x_wconf 90' lang='lat' dir='ltr'>de</span> <span class='ocrx_word' id='word_1_349' title='bbox 662 4162 809 4222; x_wconf 91' lang='lat' dir='ltr'>dominico</span> <span class='ocrx_word' id='word_1_350' title='bbox 823 4163 940 4222; x_wconf 88' lang='lat' dir='ltr'>ecclesie</span> <span class='ocrx_word' id='word_1_351' title='bbox 952 4164 991 4223; x_wconf 91' lang='lat' dir='ltr'>sd</span> <span class='ocrx_word' id='word_1_352' title='bbox 1003 4164 1083 4240; x_wconf 88' lang='lat' dir='ltr'>ipsos</span> <span class='ocrx_word' id='word_1_353' title='bbox 1095 4164 1260 4242; x_wconf 89' lang='lat' dir='ltr'>pertinente</span> <span class='ocrx_word' id='word_1_354' title='bbox 1279 4165 1405 4223; x_wconf 83' lang='lat' dir='ltr'>decimes</span> 
     </span>
     <span class='ocr_line' id='line_1_43' title="bbox 305 4244 1406 4321; baseline -0.002 -14"><span class='ocrx_word' id='word_1_355' title='bbox 305 4248 401 4307; x_wconf 88' lang='lat' dir='ltr'>nulles</span> <span class='ocrx_word' id='word_1_356' title='bbox 414 4245 536 4318; x_wconf 77' lang='lat' dir='ltr'>debunt,</span> <span class='ocrx_word' id='word_1_357' title='bbox 550 4245 602 4305; x_wconf 90' lang='lat' dir='ltr'>sed</span> <span class='ocrx_word' id='word_1_358' title='bbox 624 4244 766 4304; x_wconf 83' lang='lat' dir='ltr'>sinodelin</span> <span class='ocrx_word' id='word_1_359' title='bbox 788 4248 905 4305; x_wconf 86' lang='lat' dir='ltr'>tentum</span> <span class='ocrx_word' id='word_1_360' title='bbox 927 4264 980 4321; x_wconf 91' lang='lat' dir='ltr'>pro</span> <span class='ocrx_word' id='word_1_361' title='bbox 1001 4245 1102 4305; x_wconf 88' lang='lat' dir='ltr'>eedem</span> <span class='ocrx_word' id='word_1_362' title='bbox 1122 4245 1240 4305; x_wconf 89' lang='grc'><strong>66616616</strong></span> <span class='ocrx_word' id='word_1_363' title='bbox 1252 4246 1406 4305; x_wconf 76' lang='lat' dir='ltr'>annuatim</span> 
     </span>
     <span class='ocr_line' id='line_1_44' title="bbox 306 4325 1407 4406; baseline -0.001 -18"><span class='ocrx_word' id='word_1_364' title='bbox 306 4328 407 4406; x_wconf 81' lang='lat' dir='ltr'>debite</span> <span class='ocrx_word' id='word_1_365' title='bbox 419 4326 592 4404; x_wconf 87' lang='lat' dir='ltr'>persolvent</span> <span class='ocrx_word' id='word_1_366' title='bbox 634 4325 737 4386; x_wconf 85' lang='lat' dir='ltr'>Abbes</span> <span class='ocrx_word' id='word_1_367' title='bbox 749 4344 817 4387; x_wconf 84' lang='lat' dir='ltr'>vero</span> <span class='ocrx_word' id='word_1_368' title='bbox 839 4330 869 4385; x_wconf 92' lang='lat' dir='ltr'>et</span> <span class='ocrx_word' id='word_1_369' title='bbox 890 4326 1022 4385; x_wconf 78' lang='lat' dir='ltr'>canonici</span> <span class='ocrx_word' id='word_1_370' title='bbox 1043 4328 1142 4387; x_wconf 83' lang='lat' dir='ltr'>omnic</span> <span class='ocrx_word' id='word_1_371' title='bbox 1162 4326 1219 4387; x_wconf 86' lang='grc'><strong>6116</strong></span> <span class='ocrx_word' id='word_1_372' title='bbox 1239 4346 1326 4388; x_wconf 81' lang='lat' dir='ltr'>onere</span> <span class='ocrx_word' id='word_1_373' title='bbox 1345 4332 1407 4387; x_wconf 88' lang='lat' dir='ltr'>tem</span> 
     </span>
    </p>
   </div>
   <div class='ocr_carea' id='block_1_7' title="bbox 0 0 1600 5367">
    <p class='ocr_par' dir='ltr' id='par_1_9' title="bbox 0 0 1600 5367">
     <span class='ocr_line' id='line_1_45' title="bbox 0 0 1600 5367; baseline 0 1"><span class='ocrx_word' id='word_1_374' title='bbox 0 0 1600 5367; x_wconf 95' lang='lat' dir='ltr'> </span> 
     </span>
    </p>
   </div>
  </div>
 </body>
</html>
