3192 5367
282 630 302 693 2
674 642 778 697 LIBER
799 642 976 707 ffl'IQUUS

279 794 433 857 invenient
444 792 537 871 ipsius
550 792 688 871 obsequio
701 790 874 871 deputetnm
885 808 959 869 quos
970 790 1004 850 in
1016 789 1153 851 omnibus
1168 789 1230 849 suis
1245 787 1379 867 expensis
1449 847 1454 855 ,

280 874 483 955 proourebunt
526 874 590 935 Ubi
602 879 700 933 eutem
713 892 774 933 non
789 873 900 933 inerint
918 870 1051 931 oenonioi
1069 870 1236 944 mutientes,
1258 869 1379 930 clericus

281 958 333 1035 qui
361 960 394 1015 ut
420 954 617 1032 supradictum
647 958 690 1013 est
724 954 858 1031 expensis
884 953 1013 1031 ipsorum
1039 944 1241 1031 procurabitur
1267 950 1379 1011 olorem

281 1038 391 1099 deferet
414 1036 447 1095 in
469 1036 555 1096 domo
575 1054 674 1095 eorum
693 1039 723 1094 et
742 1053 841 1094 onrsm
859 1033 981 1093 hebebit
1003 1032 1124 1093 liberum
1148 1037 1183 1092 ut
1208 1051 1260 1110 per
1282 1033 1380 1109 ipsum

281 1119 388 1179 risorio
396 1116 610 1177 sufficienterin
619 1115 794 1175 victualibus
801 1119 832 1175 et
839 1114 995 1174 honorifioe
1002 1114 1161 1175 nereensis
1168 1112 1378 1173 ministrentur.

283 1198 424 1259 Genoniei
436 1198 527 1259 seium
541 1198 635 1259 eidem
648 1196 755 1257 noerio
768 1214 877 1273 equum
889 1196 1042 1255 invenient
1053 1196 1171 1273 quocies
1186 1213 1240 1273 pro
1252 1194 1379 1271 negoeiis

282 1298 381 1339 eorum
394 1281 425 1338 et
437 1278 555 1339 eoelesie
574 1277 663 1337 inerit
681 1276 863 1356 proiecturus
882 1281 944 1337 torn
962 1276 1001 1336 ed
1020 1276 1147 1354 oepitols
1165 1293 1255 1353 quom
1271 1275 1310 1335 ed
1321 1274 1379 1335 olio

282 1378 396 1421 neonon
410 1363 440 1421 et
453 1360 551 1420 omnis
563 1378 651 1419 onere
663 1358 843 1437 ungularum
856 1356 1039 1418 eoolesisrum
1051 1357 1246 1417 sustinebunt

344 1536 375 1589 Β.
390 1534 505 1589 ΜΑΒΙΕ
522 1532 648 1597 mun..
667 1532 795 1587 OXON'.
822 1516 1104 1579 Vioeriainooeloein
1112 1515 1380 1594 S.Msri0Mngdel'

283 1602 377 1664 Oxon¹
405 1607 487 1663 extre
513 1604 626 1679 portem
652 1598 858 1677 Aquilonelem
886 1618 944 1677 que
971 1603 1016 1659 est
1034 1599 1180 1658 dictorum
1205 1596 1331 1658 Abbstis
1350 1602 1381 1657 et

283 1683 494 1744 Genouioorum
515 1681 600 1741 Osen’
621 1680 754 1740 consistit
774 1684 809 1740 ut
827 1698 915 1758 supro
933 1679 992 1739 nisi
1010 1680 1094 1739 aliter
1106 1678 1184 1738 inter
1196 1678 1337 1739 visorium
1349 1682 1381 1737 et

282 1766 434 1825 oenonioos
442 1764 479 1825 de
486 1780 627 1823 eonsensu
635 1760 773 1839 Episeopi
779 1761 960 1823 convenerit:
970 1759 1115 1822 etsuffieit
1121 1778 1199 1821 nnus
1206 1758 1378 1837 oepdlnnus

342 1935 373 1989 S.
398 1932 514 1995 ΕΘΙΒΙΙ,
537 1930 664 1985 ΟΧΟΝἏ
691 1918 809 2007 Vioeris
826 1921 860 1981 in
883 1921 1012 1983 Foelesis
1034 1921 1064 1985 S.
1084 1920 1185 2001 Egidii
1205 1920 1300 1982 Oxon'
1323 1940 1382 1999 que

282 2009 327 2066 est
342 2003 497 2063 Abbetisse
516 2006 546 2061 et
566 2000 738 2061 monielium
757 2001 795 2061 de
815 2001 990 2063 Godeetorrs
1009 2003 1046 2064 de
1064 2021 1206 2063 eonsensu
1218 2021 1318 2063 esrum
1329 2020 1382 2079 per

281 2084 444 2164 predictum
470 2083 648 2159 Episcopum
673 2082 846 2143 eustoritste
875 2084 993 2143 ooneiiii
1018 2084 1159 2158 ordinate,
1187 2084 1323 2143 consistit
1347 2084 1382 2143 in

281 2164 435 2226 medietste
445 2165 536 2224 totius
549 2162 679 2241 eltersgii
689 2182 756 2223 eum
765 2167 830 2223 tote
838 2164 951 2224 denirno
960 2169 1089 2225 ortorum
1099 2164 1166 2243 (sie)
1177 2164 1306 2242 exeeptis
1314 2163 1382 2223 lons

281 2251 312 2307 et
327 2248 389 2305 lino
399 2246 481 2322 sgnis
494 2249 524 2305 et
536 2244 655 2304 crudele
667 2244 700 2304 in
713 2244 761 2304 die
775 2244 989 2306 Purifiootionis
999 2246 1033 2306 Β.
1049 2246 1181 2323 Virginis
1193 2246 1382 2323 proveniente

282 2346 354 2407 ques
367 2326 506 2386 moniales
526 2326 638 2402 integre
658 2326 820 2402 percipient
840 2331 872 2385 et
892 2326 1014 2386 hebebit
1033 2327 1159 2387 rioorius
1177 2345 1312 2387 mensum
1328 2325 1382 2386 ubi

282 2408 448 2551 {apellenus
469 2406 587 2547 eeolffi
612 2406 731 2548 εοὲέἷηῢῒ
750 2406 881 2501 hebitsre
893 2407 1164 2549 oirionqtiistiilsntt
1186 2407 1382 2549 ‘wilia‘

305 2508 417 2549 ensnoe
427 2505 525 2549 onnus
681 2506 894 2549 nonnionem
1129 2508 1147 2549 e
1172 2507 1221 2548 mo
1281 2506 1312 2549 es

283 2572 375 2649 ipsius
390 2569 507 2630 eeelesie
520 2586 607 2629 onere
622 2568 818 2630 sustinebunt.

346 2740 505 2796 ΒΑΒΤΟΝ.
531 2730 650 2791 Vieerie
675 2730 708 2789 in
741 2730 859 2791 enclesis
891 2730 930 2791 de
957 2730 1086 2791 Bertone
1111 2748 1169 2808 que
1194 2730 1313 2809 quidem
1340 2735 1384 2791 est

283 2812 410 2873 Abbetis
423 2817 454 2873 et
466 2812 637 2874 Conventus
651 2810 737 2872 Ossn’
751 2830 804 2889 per
817 2810 981 2889 prediotum
1000 2812 1151 2873 dominum
1171 2812 1328 2890 Hugonem
1347 2811 1384 2871 de

285 2912 427 2953 oonsensu
437 2892 558 2971 capituli
567 2893 613 2952 sui
622 2892 702 2951 Lino'
711 2892 782 2969 ipsis
790 2892 829 2951 ed
839 2892 1081 2953 sustentationem
1097 2911 1257 2971 pauperum
1269 2898 1299 2953 et
1307 2912 1385 2971 pere·

284 2975 432 3052 grinorum
445 2974 579 3033 similiter
591 2992 657 3033 eum
671 2972 830 3050 ospells'de
845 2962 1001 3033 Seumiord
1014 2974 1189 3049 confirmate,
1206 2974 1339 3034 oonsistit
1351 2974 1384 3033 in

285 3060 348 3115 toto
361 3055 498 3133 slteregio
512 3054 628 3113 eoelesie
642 3052 679 3113 de
691 3054 803 3113 Berton
822 3072 890 3113 eum
908 3054 1031 3113 dimidie
1050 3054 1121 3115 hide
1140 3060 1215 3114 terre
1233 3055 1272 3114 ed
1290 3056 1385 3131 ipsern

285 3135 433 3195 soolesism
446 3136 609 3211 pertinente
622 3138 653 3193 et
672 3152 739 3193 oum
759 3134 845 3194 domo
865 3152 953 3213 quern
972 3134 1098 3195 Thomas
1116 3154 1208 3196 senex
1220 3137 1335 3195 tenuit:
1355 3140 1385 3195 et

286 3216 442 3276 sustinebit
461 3216 585 3275 viosfius
605 3214 703 3274 omnis
722 3232 809 3273 onere
828 3214 921 3292 ipsius
946 3216 1065 3276 ecolesie
1081 3216 1180 3277 debito
1199 3221 1230 3276 et
1248 3220 1386 3277 consueto

286 3302 382 3375 preter
394 3296 556 3373 hospicium
569 3294 775 3355 Archidieooni
785 3295 865 3374 quod
875 3296 1016 3359 Oenoniei
1035 3298 1159 3375 predicti
1170 3297 1384 3377 proonrsbunt:

287 3381 317 3439 et
330 3374 436 3438 suffieit
449 3377 493 3438 ibi
505 3396 582 3437 unus
594 3376 767 3455 oepellsnus.

350 3546 519 3603 ΟΑΡΕιιΑ
532 3546 581 3601 DE
593 3545 809 3603 SAUMFORD.
835 3536 953 3599 Viooris
984 3540 1019 3599 in
1050 3539 1181 3617 predicte
1213 3538 1324 3617 ospello
1349 3540 1387 3600 de

289 3618 446 3681 Souniord
459 3617 591 3677 eonsistit
604 3618 638 3675 iu
650 3618 786 3679 omnibus
806 3618 1034 3681 obveneionibus
1052 3620 1150 3681 ulteris
1169 3620 1263 3681 eidem
1279 3620 1387 3698 ospello

290 3719 358 3761 oum
379 3699 501 3759 minutis
523 3697 643 3757 decimis
665 3702 696 3758 et
718 3698 752 3759 in
773 3705 898 3777 quotuor
920 3701 994 3760 soris
1012 3706 1044 3761 et
1062 3702 1185 3762 dimidie
1203 3702 1242 3761 ed
1265 3702 1387 3761 eandem

290 3780 430 3920 ospellrng
448 3777 680 3874 pertinentibus:
700 3784 731 3840 et
749 3780 907 3876 sustinebit
924 3782 1050 3876 yieurius
1070 3784 1168 3877 omnis
1189 3801 1276 3878 onere
1294 3782 1388 3877 ipsius

291 3861 1388 4022 cfflfmffluu

291 4024 379 4083 debet
393 4022 530 4082 deserviri
542 4026 572 4081 et
584 4023 724 4099 percipiet
736 4024 856 4083 teroisnr
874 4029 986 4101 portem
1005 4026 1137 4086 omniurn
1156 4026 1332 4086 deeimarum
1351 4024 1388 4084 de

293 4105 388 4183 grenio
406 4103 643 4182 proveniensium
662 4122 714 4181 pro
731 4104 874 4181 eupolini
886 4106 1117 4168 sustentatione:
1136 4112 1166 4167 et
1179 4106 1218 4167 sd
1229 4108 1389 4186 predictum

293 4185 352 4245 duo
366 4184 507 4263 oepeilsni
519 4187 590 4245 sunt
602 4184 761 4245 necessarii.

356 4354 587 4410 ῠοΝΟεΤΙνΙΑ.
614 4344 729 4405 Vieerie
742 4346 775 4405 in
787 4346 907 4407 eeolesie
919 4348 956 4408 de
968 4346 1141 4408 Dunestiws
1152 4367 1210 4426 qne
1223 4354 1267 4409 est
1279 4347 1390 4409 Prioris

293 4432 323 4491 et
337 4426 549 4490 Oenonioorum
561 4426 599 4487 de
611 4426 728 4486 Merton
741 4428 874 4489 oenustit
887 4428 920 4488 in
929 4433 992 4490 toto
1011 4428 1147 4508 eltemgio
1165 4435 1196 4491 et
1208 4431 1242 4491 in
1254 4430 1390 4490 omnibus
