<?xml version="1.0" encoding="UTF-8"?>
<!DOCTYPE html PUBLIC "-//W3C//DTD XHTML 1.0 Transitional//EN"
    "http://www.w3.org/TR/xhtml1/DTD/xhtml1-transitional.dtd">
<html xmlns="http://www.w3.org/1999/xhtml" xml:lang="en" lang="en">
 <head>
  <title>
</title>
<meta http-equiv="Content-Type" content="text/html;charset=utf-8" />
  <meta name='ocr-system' content='tesseract 3.04.00' />
  <meta name='ocr-capabilities' content='ocr_page ocr_carea ocr_par ocr_line ocrx_word'/>
</head>
<body>
  <div class='ocr_page' id='page_1' title='image "./liberantiquusde00wgoog_0027.png"; bbox 0 0 3192 5367; ppageno 0'>
   <div class='ocr_carea' id='block_1_1' title="bbox 580 558 1288 627">
    <p class='ocr_par' dir='ltr' id='par_1_1' title="bbox 580 558 1288 627">
     <span class='ocr_line' id='line_1_1' title="bbox 580 558 1288 627; baseline -0.006 0"><span class='ocrx_word' id='word_1_1' title='bbox 580 572 737 627; x_wconf 77' lang='lat' dir='ltr'><strong>nueoms</strong></span> <span class='ocrx_word' id='word_1_2' title='bbox 758 572 884 627; x_wconf 70' lang='lat' dir='ltr'><strong>wicum.</strong></span> <span class='ocrx_word' id='word_1_3' title='bbox 1247 558 1288 623; x_wconf 78' lang='grc'><strong>13</strong></span> 
     </span>
    </p>
   </div>
   <div class='ocr_carea' id='block_1_2' title="bbox 254 703 1397 799">
    <p class='ocr_par' dir='ltr' id='par_1_2' title="bbox 254 703 1397 799">
     <span class='ocr_line' id='line_1_2' title="bbox 254 703 1397 799; baseline -0.003 -11"><span class='ocrx_word' id='word_1_4' title='bbox 254 734 387 789; x_wconf 68' lang='lat' dir='ltr'><strong>wieres.</strong></span> <span class='ocrx_word' id='word_1_5' title='bbox 413 722 531 783; x_wconf 67' lang='lat' dir='ltr'><strong>vicasse</strong></span> <span class='ocrx_word' id='word_1_6' title='bbox 555 722 588 789; x_wconf 75' lang='lat' dir='ltr'><strong>sn</strong></span> <span class='ocrx_word' id='word_1_7' title='bbox 621 721 739 783; x_wconf 64' lang='lat' dir='ltr'><strong>seren</strong></span> <span class='ocrx_word' id='word_1_8' title='bbox 771 721 809 783; x_wconf 69' lang='lat' dir='ltr'><strong>rs</strong></span> <span class='ocrx_word' id='word_1_9' title='bbox 837 720 944 782; x_wconf 64' lang='lat' dir='ltr'><strong>wera</strong></span> <span class='ocrx_word' id='word_1_10' title='bbox 976 740 1034 798; x_wconf 71' lang='lat' dir='ltr'><strong>qus</strong></span> <span class='ocrx_word' id='word_1_11' title='bbox 1059 724 1105 781; x_wconf 68' lang='lat' dir='ltr'><strong>os</strong></span> <span class='ocrx_word' id='word_1_12' title='bbox 1130 720 1233 799; x_wconf 76' lang='lat' dir='ltr'><strong>prioris</strong></span> <span class='ocrx_word' id='word_1_13' title='bbox 1259 730 1290 784; x_wconf 73' lang='lat' dir='ltr'><strong>a</strong></span> <span class='ocrx_word' id='word_1_14' title='bbox 1391 703 1397 714; x_wconf 82' lang='lat'>‘</span> 
     </span>
    </p>
   </div>
   <div class='ocr_carea' id='block_1_3' title="bbox 191 801 1291 1044">
    <p class='ocr_par' dir='ltr' id='par_1_3' title="bbox 191 801 1291 1044">
     <span class='ocr_line' id='line_1_3' title="bbox 194 801 1290 883; baseline 0 -17"><span class='ocrx_word' id='word_1_15' title='bbox 194 809 355 866; x_wconf 86' lang='lat' dir='ltr'><strong>conventus</strong></span> <span class='ocrx_word' id='word_1_16' title='bbox 369 804 405 865; x_wconf 93' lang='lat' dir='ltr'><strong>de</strong></span> <span class='ocrx_word' id='word_1_17' title='bbox 418 804 552 883; x_wconf 83' lang='lat' dir='ltr'><strong>Neapori</strong></span> <span class='ocrx_word' id='word_1_18' title='bbox 575 805 743 865; x_wconf 87' lang='lat' dir='ltr'><strong>auctoritate</strong></span> <span class='ocrx_word' id='word_1_19' title='bbox 763 802 879 863; x_wconf 87' lang='lat' dir='ltr'><strong>concilii</strong></span> <span class='ocrx_word' id='word_1_20' title='bbox 891 803 1023 863; x_wconf 85' lang='lat' dir='ltr'><strong>ordinata</strong></span> <span class='ocrx_word' id='word_1_21' title='bbox 1035 801 1168 863; x_wconf 76' lang='lat' dir='ltr'><strong>consistit</strong></span> <span class='ocrx_word' id='word_1_22' title='bbox 1181 804 1214 864; x_wconf 90' lang='lat' dir='ltr'><strong>in</strong></span> <span class='ocrx_word' id='word_1_23' title='bbox 1226 810 1290 866; x_wconf 88' lang='lat' dir='ltr'><strong>teto</strong></span> 
     </span>
     <span class='ocr_line' id='line_1_4' title="bbox 193 884 1291 964; baseline 0.002 -18"><span class='ocrx_word' id='word_1_24' title='bbox 193 884 330 964; x_wconf 76' lang='lat' dir='ltr'><strong>altercgio</strong></span> <span class='ocrx_word' id='word_1_25' title='bbox 339 904 406 945; x_wconf 89' lang='lat' dir='ltr'><strong>cum</strong></span> <span class='ocrx_word' id='word_1_26' title='bbox 418 891 495 945; x_wconf 89' lang='lat' dir='ltr'><strong>terra</strong></span> <span class='ocrx_word' id='word_1_27' title='bbox 515 884 631 945; x_wconf 87' lang='lat' dir='ltr'><strong>ecclesie</strong></span> <span class='ocrx_word' id='word_1_28' title='bbox 650 889 681 945; x_wconf 88' lang='lat' dir='ltr'><strong>et</strong></span> <span class='ocrx_word' id='word_1_29' title='bbox 700 884 776 944; x_wconf 80' lang='lat' dir='ltr'><strong>totto</strong></span> <span class='ocrx_word' id='word_1_30' title='bbox 796 884 835 943; x_wconf 88' lang='lat' dir='ltr'><strong>ad</strong></span> <span class='ocrx_word' id='word_1_31' title='bbox 853 885 947 961; x_wconf 87' lang='lat' dir='ltr'><strong>ipsam</strong></span> <span class='ocrx_word' id='word_1_32' title='bbox 967 884 1114 944; x_wconf 72' lang='lat' dir='ltr'><strong>eeclesiam</strong></span> <span class='ocrx_word' id='word_1_33' title='bbox 1127 887 1291 962; x_wconf 88' lang='lat' dir='ltr'><strong>pertinente</strong></span> 
     </span>
     <span class='ocr_line' id='line_1_5' title="bbox 191 964 1247 1044; baseline 0.002 -17"><span class='ocrx_word' id='word_1_34' title='bbox 191 972 220 1027; x_wconf 92' lang='lat' dir='ltr'><strong>et</strong></span> <span class='ocrx_word' id='word_1_35' title='bbox 233 967 266 1027; x_wconf 90' lang='lat' dir='ltr'><strong>in</strong></span> <span class='ocrx_word' id='word_1_36' title='bbox 278 966 433 1026; x_wconf 88' lang='lat' dir='ltr'><strong>medietate</strong></span> <span class='ocrx_word' id='word_1_37' title='bbox 447 966 558 1026; x_wconf 90' lang='lat' dir='ltr'><strong>decime</strong></span> <span class='ocrx_word' id='word_1_38' title='bbox 566 966 718 1044; x_wconf 80' lang='lat' dir='ltr'><strong>garbarum</strong></span> <span class='ocrx_word' id='word_1_39' title='bbox 732 966 768 1025; x_wconf 91' lang='lat' dir='ltr'><strong>de</strong></span> <span class='ocrx_word' id='word_1_40' title='bbox 780 966 845 1043; x_wconf 91' lang='lat' dir='ltr'><strong>ipsa</strong></span> <span class='ocrx_word' id='word_1_41' title='bbox 855 964 992 1042; x_wconf 86' lang='lat' dir='ltr'><strong>parochis</strong></span> <span class='ocrx_word' id='word_1_42' title='bbox 1003 964 1247 1043; x_wconf 85' lang='lat' dir='ltr'><strong>provenienoium.</strong></span> 
     </span>
    </p>
   </div>
   <div class='ocr_carea' id='block_1_4' title="bbox 191 1125 1292 1531">
    <p class='ocr_par' dir='ltr' id='par_1_4' title="bbox 191 1125 1292 1531">
     <span class='ocr_line' id='line_1_6' title="bbox 254 1125 1291 1203; baseline -0.002 -12"><span class='ocrx_word' id='word_1_43' title='bbox 254 1134 485 1192; x_wconf 65' lang='lat' dir='ltr'><strong>efficeretur.</strong></span> <span class='ocrx_word' id='word_1_44' title='bbox 511 1125 629 1187; x_wconf 87' lang='lat' dir='ltr'><strong>Vioaria</strong></span> <span class='ocrx_word' id='word_1_45' title='bbox 641 1125 802 1187; x_wconf 90' lang='lat' dir='ltr'><strong>inecolesia</strong></span> <span class='ocrx_word' id='word_1_46' title='bbox 811 1126 848 1186; x_wconf 92' lang='lat' dir='ltr'><strong>de</strong></span> <span class='ocrx_word' id='word_1_47' title='bbox 857 1126 1019 1186; x_wconf 86' lang='lat' dir='ltr'><strong>Brsdsvvell</strong></span> <span class='ocrx_word' id='word_1_48' title='bbox 1027 1146 1084 1203; x_wconf 90' lang='lat' dir='ltr'><strong>que</strong></span> <span class='ocrx_word' id='word_1_49' title='bbox 1094 1132 1139 1187; x_wconf 86' lang='lat' dir='ltr'><strong>est</strong></span> <span class='ocrx_word' id='word_1_50' title='bbox 1147 1126 1291 1189; x_wconf 82' lang='lat' dir='ltr'><strong>dictorum</strong></span> 
     </span>
     <span class='ocr_line' id='line_1_7' title="bbox 191 1208 1292 1288; baseline 0.002 -19"><span class='ocrx_word' id='word_1_51' title='bbox 191 1210 295 1288; x_wconf 87' lang='lat' dir='ltr'><strong>prioris</strong></span> <span class='ocrx_word' id='word_1_52' title='bbox 321 1214 352 1269; x_wconf 90' lang='lat' dir='ltr'><strong>et</strong></span> <span class='ocrx_word' id='word_1_53' title='bbox 378 1212 538 1269; x_wconf 87' lang='lat' dir='ltr'><strong>conventus</strong></span> <span class='ocrx_word' id='word_1_54' title='bbox 564 1208 600 1268; x_wconf 90' lang='lat' dir='ltr'><strong>de</strong></span> <span class='ocrx_word' id='word_1_55' title='bbox 636 1208 792 1285; x_wconf 81' lang='lat' dir='ltr'><strong>Neuporth</strong></span> <span class='ocrx_word' id='word_1_56' title='bbox 818 1209 989 1268; x_wconf 75' lang='lat' dir='ltr'><strong>auctoritate</strong></span> <span class='ocrx_word' id='word_1_57' title='bbox 1013 1208 1131 1269; x_wconf 86' lang='lat' dir='ltr'><strong>concilii</strong></span> <span class='ocrx_word' id='word_1_58' title='bbox 1159 1210 1292 1271; x_wconf 82' lang='lat' dir='ltr'><strong>ordinata</strong></span> 
     </span>
     <span class='ocr_line' id='line_1_8' title="bbox 192 1288 1291 1369; baseline 0.002 -18"><span class='ocrx_word' id='word_1_59' title='bbox 192 1290 325 1351; x_wconf 89' lang='lat' dir='ltr'><strong>consistit</strong></span> <span class='ocrx_word' id='word_1_60' title='bbox 336 1290 370 1349; x_wconf 89' lang='lat' dir='ltr'><strong>in</strong></span> <span class='ocrx_word' id='word_1_61' title='bbox 382 1294 444 1349; x_wconf 88' lang='lat' dir='ltr'><strong>toto</strong></span> <span class='ocrx_word' id='word_1_62' title='bbox 457 1289 594 1367; x_wconf 83' lang='lat' dir='ltr'><strong>elicragio</strong></span> <span class='ocrx_word' id='word_1_63' title='bbox 607 1308 674 1349; x_wconf 89' lang='lat' dir='ltr'><strong>curn</strong></span> <span class='ocrx_word' id='word_1_64' title='bbox 686 1288 810 1349; x_wconf 86' lang='lat' dir='ltr'><strong>dimidia</strong></span> <span class='ocrx_word' id='word_1_65' title='bbox 822 1288 933 1366; x_wconf 80' lang='lat' dir='ltr'><strong>virgsts</strong></span> <span class='ocrx_word' id='word_1_66' title='bbox 946 1294 1020 1348; x_wconf 88' lang='lat' dir='ltr'><strong>terre</strong></span> <span class='ocrx_word' id='word_1_67' title='bbox 1035 1294 1065 1349; x_wconf 90' lang='lat' dir='ltr'><strong>et</strong></span> <span class='ocrx_word' id='word_1_68' title='bbox 1077 1292 1238 1369; x_wconf 73' lang='lat' dir='ltr'>messuagio</span> <span class='ocrx_word' id='word_1_69' title='bbox 1252 1292 1291 1353; x_wconf 86' lang='lat' dir='ltr'><strong>ed</strong></span> 
     </span>
     <span class='ocr_line' id='line_1_9' title="bbox 192 1368 1291 1451; baseline -0.001 -18"><span class='ocrx_word' id='word_1_70' title='bbox 192 1371 340 1433; x_wconf 84' lang='lat' dir='ltr'><strong>eeclesiam</strong></span> <span class='ocrx_word' id='word_1_71' title='bbox 352 1370 566 1450; x_wconf 87' lang='lat' dir='ltr'><strong>pertinentibus</strong></span> <span class='ocrx_word' id='word_1_72' title='bbox 586 1375 616 1429; x_wconf 89' lang='lat' dir='ltr'><strong>et</strong></span> <span class='ocrx_word' id='word_1_73' title='bbox 635 1371 669 1431; x_wconf 91' lang='lat' dir='ltr'><strong>in</strong></span> <span class='ocrx_word' id='word_1_74' title='bbox 688 1370 777 1431; x_wconf 86' lang='lat' dir='ltr'><strong>tercie</strong></span> <span class='ocrx_word' id='word_1_75' title='bbox 794 1374 876 1447; x_wconf 85' lang='lat' dir='ltr'><strong>perte</strong></span> <span class='ocrx_word' id='word_1_76' title='bbox 895 1369 1006 1430; x_wconf 87' lang='lat' dir='ltr'><strong>decime</strong></span> <span class='ocrx_word' id='word_1_77' title='bbox 1020 1368 1172 1447; x_wconf 79' lang='lat' dir='ltr'><strong>getharum</strong></span> <span class='ocrx_word' id='word_1_78' title='bbox 1184 1372 1291 1451; x_wconf 81' lang='lat' dir='ltr'><strong>inipso</strong></span> 
     </span>
     <span class='ocr_line' id='line_1_10' title="bbox 191 1451 582 1531; baseline -0.01 -16"><span class='ocrx_word' id='word_1_79' title='bbox 191 1451 326 1531; x_wconf 84' lang='lat' dir='ltr'><strong>parochia</strong></span> <span class='ocrx_word' id='word_1_80' title='bbox 339 1452 582 1530; x_wconf 79' lang='lat' dir='ltr'><strong>proveniensium</strong></span> 
     </span>
    </p>
   </div>
   <div class='ocr_carea' id='block_1_5' title="bbox 192 1610 1294 2241">
    <p class='ocr_par' dir='ltr' id='par_1_5' title="bbox 192 1610 1294 2241">
     <span class='ocr_line' id='line_1_11' title="bbox 251 1610 1291 1689; baseline -0.006 -10"><span class='ocrx_word' id='word_1_81' title='bbox 251 1622 440 1679; x_wconf 80' lang='grc' dir='ltr'><strong>8ΤΑΝΤοΝ.</strong></span> <span class='ocrx_word' id='word_1_82' title='bbox 464 1612 582 1673; x_wconf 80' lang='lat' dir='ltr'><strong>Vicetia</strong></span> <span class='ocrx_word' id='word_1_83' title='bbox 600 1612 633 1671; x_wconf 92' lang='lat' dir='ltr'><strong>in</strong></span> <span class='ocrx_word' id='word_1_84' title='bbox 652 1612 771 1673; x_wconf 77' lang='lat' dir='ltr'><strong>ecclesis</strong></span> <span class='ocrx_word' id='word_1_85' title='bbox 789 1610 827 1671; x_wconf 89' lang='lat' dir='ltr'><strong>de</strong></span> <span class='ocrx_word' id='word_1_86' title='bbox 841 1610 967 1671; x_wconf 81' lang='lat' dir='ltr'><strong>Stantem</strong></span> <span class='ocrx_word' id='word_1_87' title='bbox 986 1630 1044 1689; x_wconf 89' lang='lat' dir='ltr'><strong>que</strong></span> <span class='ocrx_word' id='word_1_88' title='bbox 1063 1615 1108 1672; x_wconf 91' lang='lat' dir='ltr'><strong>est</strong></span> <span class='ocrx_word' id='word_1_89' title='bbox 1120 1613 1291 1673; x_wconf 75' lang='lat' dir='ltr'><strong>monialium</strong></span> 
     </span>
     <span class='ocr_line' id='line_1_12' title="bbox 192 1692 1293 1772; baseline -0.001 -17"><span class='ocrx_word' id='word_1_90' title='bbox 192 1695 230 1755; x_wconf 90' lang='lat' dir='ltr'><strong>de</strong></span> <span class='ocrx_word' id='word_1_91' title='bbox 253 1694 393 1771; x_wconf 85' lang='lat' dir='ltr'><strong>Garingss</strong></span> <span class='ocrx_word' id='word_1_92' title='bbox 415 1713 467 1772; x_wconf 85' lang='lat' dir='ltr'><strong>per</strong></span> <span class='ocrx_word' id='word_1_93' title='bbox 488 1694 641 1755; x_wconf 88' lang='lat' dir='ltr'><strong>dominum</strong></span> <span class='ocrx_word' id='word_1_94' title='bbox 663 1694 830 1771; x_wconf 84' lang='lat' dir='ltr'><strong>episcopum</strong></span> <span class='ocrx_word' id='word_1_95' title='bbox 859 1692 992 1752; x_wconf 86' lang='lat' dir='ltr'><strong>ordinata</strong></span> <span class='ocrx_word' id='word_1_96' title='bbox 1017 1692 1150 1753; x_wconf 70' lang='lat' dir='ltr'><strong>consistit</strong></span> <span class='ocrx_word' id='word_1_97' title='bbox 1173 1694 1206 1754; x_wconf 92' lang='lat' dir='ltr'><strong>in</strong></span> <span class='ocrx_word' id='word_1_98' title='bbox 1229 1700 1293 1754; x_wconf 88' lang='lat' dir='ltr'><strong>toto</strong></span> 
     </span>
     <span class='ocr_line' id='line_1_13' title="bbox 193 1774 1293 1853; baseline 0 -18"><span class='ocrx_word' id='word_1_99' title='bbox 193 1775 329 1853; x_wconf 77' lang='lat' dir='ltr'><strong>altaregio</strong></span> <span class='ocrx_word' id='word_1_100' title='bbox 352 1776 483 1852; x_wconf 86' lang='lat' dir='ltr'><strong>ejusdem</strong></span> <span class='ocrx_word' id='word_1_101' title='bbox 509 1775 626 1835; x_wconf 89' lang='lat' dir='ltr'><strong>ecclesie</strong></span> <span class='ocrx_word' id='word_1_102' title='bbox 653 1794 718 1835; x_wconf 89' lang='lat' dir='ltr'><strong>oum</strong></span> <span class='ocrx_word' id='word_1_103' title='bbox 746 1792 847 1833; x_wconf 86' lang='lat' dir='ltr'><strong>manso</strong></span> <span class='ocrx_word' id='word_1_104' title='bbox 875 1777 1057 1850; x_wconf 87' lang='lat' dir='ltr'><strong>competente</strong></span> <span class='ocrx_word' id='word_1_105' title='bbox 1077 1778 1108 1833; x_wconf 92' lang='lat' dir='ltr'><strong>et</strong></span> <span class='ocrx_word' id='word_1_106' title='bbox 1126 1775 1159 1834; x_wconf 90' lang='lat' dir='ltr'><strong>in</strong></span> <span class='ocrx_word' id='word_1_107' title='bbox 1178 1774 1293 1835; x_wconf 82' lang='lat' dir='ltr'><strong>duabus</strong></span> 
     </span>
     <span class='ocr_line' id='line_1_14' title="bbox 194 1854 1293 1935; baseline 0 -19"><span class='ocrx_word' id='word_1_108' title='bbox 194 1857 313 1935; x_wconf 74' lang='lat' dir='ltr'><strong>virgatis</strong></span> <span class='ocrx_word' id='word_1_109' title='bbox 327 1861 401 1917; x_wconf 91' lang='lat' dir='ltr'><strong>terre</strong></span> <span class='ocrx_word' id='word_1_110' title='bbox 414 1860 444 1917; x_wconf 90' lang='lat' dir='ltr'><strong>et</strong></span> <span class='ocrx_word' id='word_1_111' title='bbox 457 1875 556 1916; x_wconf 88' lang='lat' dir='ltr'><strong>earum</strong></span> <span class='ocrx_word' id='word_1_112' title='bbox 565 1856 751 1933; x_wconf 80' lang='lat' dir='ltr'><strong>pertinenciis</strong></span> <span class='ocrx_word' id='word_1_113' title='bbox 763 1873 822 1932; x_wconf 90' lang='lat' dir='ltr'><strong>que</strong></span> <span class='ocrx_word' id='word_1_114' title='bbox 834 1854 984 1931; x_wconf 73' lang='lat' dir='ltr'>pertinent</span> <span class='ocrx_word' id='word_1_115' title='bbox 993 1854 1032 1913; x_wconf 88' lang='lat' dir='ltr'><strong>ad</strong></span> <span class='ocrx_word' id='word_1_116' title='bbox 1041 1856 1135 1931; x_wconf 86' lang='lat' dir='ltr'><strong>ipsam</strong></span> <span class='ocrx_word' id='word_1_117' title='bbox 1145 1855 1293 1917; x_wconf 86' lang='lat' dir='ltr'><strong>ecclesiam</strong></span> 
     </span>
     <span class='ocr_line' id='line_1_15' title="bbox 195 1932 1293 2014; baseline 0 -17"><span class='ocrx_word' id='word_1_118' title='bbox 195 1938 269 1998; x_wconf 87' lang='lat' dir='ltr'><strong>etin</strong></span> <span class='ocrx_word' id='word_1_119' title='bbox 289 1936 408 1997; x_wconf 75' lang='lat' dir='ltr'><strong>decimis</strong></span> <span class='ocrx_word' id='word_1_120' title='bbox 434 1937 557 1999; x_wconf 82' lang='lat' dir='ltr'><strong>ducrum</strong></span> <span class='ocrx_word' id='word_1_121' title='bbox 583 1936 759 2014; x_wconf 76' lang='lat' dir='ltr'><strong>virgatsrum</strong></span> <span class='ocrx_word' id='word_1_122' title='bbox 786 1940 861 1995; x_wconf 86' lang='lat' dir='ltr'><strong>terre</strong></span> <span class='ocrx_word' id='word_1_123' title='bbox 887 1954 960 2011; x_wconf 90' lang='lat' dir='ltr'><strong>quas</strong></span> <span class='ocrx_word' id='word_1_124' title='bbox 983 1932 1121 1996; x_wconf 86' lang='lat' dir='ltr'><strong>Jerardns</strong></span> <span class='ocrx_word' id='word_1_125' title='bbox 1145 1937 1243 1996; x_wconf 89' lang='lat' dir='ltr'><strong>tenuit</strong></span> <span class='ocrx_word' id='word_1_126' title='bbox 1262 1942 1293 1997; x_wconf 87' lang='lat' dir='ltr'><strong>et</strong></span> 
     </span>
     <span class='ocr_line' id='line_1_16' title="bbox 193 2015 1294 2095; baseline -0.001 -16"><span class='ocrx_word' id='word_1_127' title='bbox 193 2018 314 2079; x_wconf 84' lang='lat' dir='ltr'><strong>elisrum</strong></span> <span class='ocrx_word' id='word_1_128' title='bbox 343 2019 465 2079; x_wconf 80' lang='lat' dir='ltr'><strong>duorum</strong></span> <span class='ocrx_word' id='word_1_129' title='bbox 499 2018 674 2095; x_wconf 77' lang='lat' dir='ltr'><strong>virgularum</strong></span> <span class='ocrx_word' id='word_1_130' title='bbox 706 2022 781 2077; x_wconf 87' lang='lat' dir='ltr'><strong>terre</strong></span> <span class='ocrx_word' id='word_1_131' title='bbox 815 2035 887 2094; x_wconf 85' lang='lat' dir='ltr'><strong>quas</strong></span> <span class='ocrx_word' id='word_1_132' title='bbox 914 2015 1057 2093; x_wconf 83' lang='lat' dir='ltr'><strong>Sampson</strong></span> <span class='ocrx_word' id='word_1_133' title='bbox 1084 2022 1115 2077; x_wconf 90' lang='lat' dir='ltr'><strong>et</strong></span> <span class='ocrx_word' id='word_1_134' title='bbox 1143 2018 1294 2079; x_wconf 87' lang='lat' dir='ltr'><strong>Ritherius</strong></span> 
     </span>
     <span class='ocr_line' id='line_1_17' title="bbox 193 2097 1293 2161; baseline 0.001 -2"><span class='ocrx_word' id='word_1_135' title='bbox 193 2104 357 2161; x_wconf 87' lang='lat' dir='ltr'><strong>tenuerunt.</strong></span> <span class='ocrx_word' id='word_1_136' title='bbox 393 2100 527 2159; x_wconf 80' lang='lat' dir='ltr'><strong>Vicerius</strong></span> <span class='ocrx_word' id='word_1_137' title='bbox 541 2103 638 2158; x_wconf 83' lang='lat' dir='ltr'><strong>sutem</strong></span> <span class='ocrx_word' id='word_1_138' title='bbox 651 2098 745 2158; x_wconf 91' lang='lat' dir='ltr'><strong>solvet</strong></span> <span class='ocrx_word' id='word_1_139' title='bbox 758 2097 901 2157; x_wconf 71' lang='lat' dir='ltr'><strong>sinodalia</strong></span> <span class='ocrx_word' id='word_1_140' title='bbox 920 2102 950 2157; x_wconf 91' lang='lat' dir='ltr'><strong>et</strong></span> <span class='ocrx_word' id='word_1_141' title='bbox 969 2097 1111 2159; x_wconf 78' lang='lat' dir='ltr'><strong>moniales</strong></span> <span class='ocrx_word' id='word_1_142' title='bbox 1124 2099 1223 2159; x_wconf 90' lang='lat' dir='ltr'><strong>omnia</strong></span> <span class='ocrx_word' id='word_1_143' title='bbox 1235 2099 1293 2160; x_wconf 87' lang='lat' dir='ltr'><strong>alis</strong></span> 
     </span>
     <span class='ocr_line' id='line_1_18' title="bbox 193 2178 1126 2241; baseline -0.004 0"><span class='ocrx_word' id='word_1_144' title='bbox 193 2199 280 2241; x_wconf 86' lang='lat' dir='ltr'><strong>onera</strong></span> <span class='ocrx_word' id='word_1_145' title='bbox 292 2180 372 2241; x_wconf 87' lang='lat' dir='ltr'><strong>illius</strong></span> <span class='ocrx_word' id='word_1_146' title='bbox 385 2180 660 2241; x_wconf 86' lang='lat' dir='ltr'><strong>ecolesieordinaria</strong></span> <span class='ocrx_word' id='word_1_147' title='bbox 672 2178 868 2239; x_wconf 79' lang='lat' dir='ltr'><strong>sustinebunt</strong></span> <span class='ocrx_word' id='word_1_148' title='bbox 1121 2196 1126 2207; x_wconf 81' lang='grc'>’</span> 
     </span>
    </p>
   </div>
   <div class='ocr_carea' id='block_1_6' title="bbox 193 2340 1299 3476">
    <p class='ocr_par' dir='ltr' id='par_1_6' title="bbox 193 2340 1299 3476">
     <span class='ocr_line' id='line_1_19' title="bbox 255 2340 1294 2419; baseline -0.005 -13"><span class='ocrx_word' id='word_1_149' title='bbox 255 2350 439 2406; x_wconf 71' lang='lat' dir='ltr'><strong>resumet.</strong></span> <span class='ocrx_word' id='word_1_150' title='bbox 465 2340 583 2402; x_wconf 81' lang='lat' dir='ltr'><strong>Viceria</strong></span> <span class='ocrx_word' id='word_1_151' title='bbox 601 2342 634 2401; x_wconf 94' lang='lat' dir='ltr'><strong>in</strong></span> <span class='ocrx_word' id='word_1_152' title='bbox 654 2340 771 2401; x_wconf 82' lang='lat' dir='ltr'><strong>ecelesia</strong></span> <span class='ocrx_word' id='word_1_153' title='bbox 791 2340 828 2401; x_wconf 91' lang='lat' dir='ltr'><strong>de</strong></span> <span class='ocrx_word' id='word_1_154' title='bbox 849 2340 984 2418; x_wconf 83' lang='lat' dir='ltr'><strong>Neaport</strong></span> <span class='ocrx_word' id='word_1_155' title='bbox 1005 2359 1063 2419; x_wconf 90' lang='lat' dir='ltr'><strong>que</strong></span> <span class='ocrx_word' id='word_1_156' title='bbox 1083 2344 1127 2399; x_wconf 84' lang='lat' dir='ltr'><strong>est</strong></span> <span class='ocrx_word' id='word_1_157' title='bbox 1147 2340 1251 2419; x_wconf 85' lang='lat' dir='ltr'><strong>prioris</strong></span> <span class='ocrx_word' id='word_1_158' title='bbox 1263 2346 1294 2401; x_wconf 85' lang='lat' dir='ltr'><strong>et</strong></span> 
     </span>
     <span class='ocr_line' id='line_1_20' title="bbox 194 2421 1294 2499; baseline -0.003 -15"><span class='ocrx_word' id='word_1_159' title='bbox 194 2423 399 2484; x_wconf 75' lang='lat' dir='ltr'><strong>monachornm</strong></span> <span class='ocrx_word' id='word_1_160' title='bbox 412 2422 542 2499; x_wconf 80' lang='lat' dir='ltr'><strong>ejrmdem</strong></span> <span class='ocrx_word' id='word_1_161' title='bbox 551 2422 621 2484; x_wconf 91' lang='lat' dir='ltr'><strong>ville</strong></span> <span class='ocrx_word' id='word_1_162' title='bbox 631 2441 667 2482; x_wconf 87' lang='lat' dir='ltr'><strong>ex</strong></span> <span class='ocrx_word' id='word_1_163' title='bbox 681 2422 792 2481; x_wconf 90' lang='lat' dir='ltr'><strong>dudum</strong></span> <span class='ocrx_word' id='word_1_164' title='bbox 802 2421 935 2482; x_wconf 88' lang='lat' dir='ltr'><strong>ordinata</strong></span> <span class='ocrx_word' id='word_1_165' title='bbox 943 2422 1077 2481; x_wconf 76' lang='lat' dir='ltr'><strong>consistit</strong></span> <span class='ocrx_word' id='word_1_166' title='bbox 1086 2422 1118 2479; x_wconf 91' lang='lat' dir='ltr'><strong>in</strong></span> <span class='ocrx_word' id='word_1_167' title='bbox 1129 2422 1294 2498; x_wconf 84' lang='lat' dir='ltr'><strong>provisione</strong></span> 
     </span>
     <span class='ocr_line' id='line_1_21' title="bbox 193 2502 1294 2583; baseline -0.001 -19"><span class='ocrx_word' id='word_1_168' title='bbox 193 2505 383 2583; x_wconf 82' lang='lat' dir='ltr'><strong>competentis</strong></span> <span class='ocrx_word' id='word_1_169' title='bbox 396 2504 518 2581; x_wconf 86' lang='lat' dir='ltr'><strong>hospitii</strong></span> <span class='ocrx_word' id='word_1_170' title='bbox 540 2503 579 2563; x_wconf 91' lang='lat' dir='ltr'><strong>sd</strong></span> <span class='ocrx_word' id='word_1_171' title='bbox 602 2520 675 2581; x_wconf 90' lang='lat' dir='ltr'><strong>opus</strong></span> <span class='ocrx_word' id='word_1_172' title='bbox 698 2504 798 2563; x_wconf 88' lang='lat' dir='ltr'><strong>vicarii</strong></span> <span class='ocrx_word' id='word_1_173' title='bbox 820 2507 850 2562; x_wconf 90' lang='lat' dir='ltr'><strong>et</strong></span> <span class='ocrx_word' id='word_1_174' title='bbox 872 2503 988 2562; x_wconf 90' lang='lat' dir='ltr'><strong>diaconi</strong></span> <span class='ocrx_word' id='word_1_175' title='bbox 1009 2502 1109 2563; x_wconf 90' lang='lat' dir='ltr'><strong>idonei</strong></span> <span class='ocrx_word' id='word_1_176' title='bbox 1121 2521 1209 2580; x_wconf 88' lang='lat' dir='ltr'><strong>quem</strong></span> <span class='ocrx_word' id='word_1_177' title='bbox 1222 2503 1294 2563; x_wconf 92' lang='lat' dir='ltr'><strong>dicti</strong></span> 
     </span>
     <span class='ocr_line' id='line_1_22' title="bbox 194 2583 1294 2662; baseline 0 -17"><span class='ocrx_word' id='word_1_178' title='bbox 194 2585 329 2646; x_wconf 86' lang='lat' dir='ltr'><strong>monaehi</strong></span> <span class='ocrx_word' id='word_1_179' title='bbox 342 2585 437 2645; x_wconf 89' lang='lat' dir='ltr'><strong>eidem</strong></span> <span class='ocrx_word' id='word_1_180' title='bbox 449 2585 557 2645; x_wconf 81' lang='lat' dir='ltr'><strong>vicario</strong></span> <span class='ocrx_word' id='word_1_181' title='bbox 570 2584 603 2643; x_wconf 88' lang='lat' dir='ltr'><strong>in</strong></span> <span class='ocrx_word' id='word_1_182' title='bbox 616 2585 680 2662; x_wconf 84' lang='lat' dir='ltr'><strong>ipsa</strong></span> <span class='ocrx_word' id='word_1_183' title='bbox 689 2583 808 2645; x_wconf 91' lang='lat' dir='ltr'><strong>ecclesia</strong></span> <span class='ocrx_word' id='word_1_184' title='bbox 817 2584 1049 2643; x_wconf 85' lang='lat' dir='ltr'><strong>ministraturum</strong></span> <span class='ocrx_word' id='word_1_185' title='bbox 1059 2583 1211 2643; x_wconf 89' lang='lat' dir='ltr'><strong>invenient</strong></span> <span class='ocrx_word' id='word_1_186' title='bbox 1220 2588 1251 2643; x_wconf 91' lang='lat' dir='ltr'><strong>et</strong></span> <span class='ocrx_word' id='word_1_187' title='bbox 1260 2584 1294 2645; x_wconf 87' lang='lat' dir='ltr'><strong>in</strong></span> 
     </span>
     <span class='ocr_line' id='line_1_23' title="bbox 194 2660 1295 2745; baseline -0.002 -18"><span class='ocrx_word' id='word_1_188' title='bbox 194 2666 359 2745; x_wconf 83' lang='lat' dir='ltr'><strong>provisions</strong></span> <span class='ocrx_word' id='word_1_189' title='bbox 371 2666 473 2726; x_wconf 84' lang='lat' dir='ltr'><strong>vicarii</strong></span> <span class='ocrx_word' id='word_1_190' title='bbox 485 2666 523 2725; x_wconf 91' lang='lat' dir='ltr'><strong>ad</strong></span> <span class='ocrx_word' id='word_1_191' title='bbox 544 2684 673 2725; x_wconf 88' lang='lat' dir='ltr'><strong>mensem</strong></span> <span class='ocrx_word' id='word_1_192' title='bbox 696 2665 799 2743; x_wconf 86' lang='lat' dir='ltr'><strong>prioris</strong></span> <span class='ocrx_word' id='word_1_193' title='bbox 823 2669 853 2724; x_wconf 90' lang='lat' dir='ltr'><strong>et</strong></span> <span class='ocrx_word' id='word_1_194' title='bbox 874 2668 1036 2724; x_wconf 88' lang='lat' dir='ltr'><strong>conventus</strong></span> <span class='ocrx_word' id='word_1_195' title='bbox 1056 2663 1132 2725; x_wconf 89' lang='lat' dir='ltr'><strong>siout</strong></span> <span class='ocrx_word' id='word_1_196' title='bbox 1156 2660 1244 2723; x_wconf 80' lang='lat' dir='ltr'><strong>unius</strong></span> <span class='ocrx_word' id='word_1_197' title='bbox 1256 2684 1295 2725; x_wconf 85' lang='lat' dir='ltr'><strong>ex</strong></span> 
     </span>
     <span class='ocr_line' id='line_1_24' title="bbox 194 2744 1295 2825; baseline -0.004 -16"><span class='ocrx_word' id='word_1_198' title='bbox 194 2747 267 2825; x_wconf 88' lang='lat' dir='ltr'><strong>ipsis</strong></span> <span class='ocrx_word' id='word_1_199' title='bbox 299 2751 329 2807; x_wconf 88' lang='lat' dir='ltr'><strong>et</strong></span> <span class='ocrx_word' id='word_1_200' title='bbox 361 2748 395 2806; x_wconf 91' lang='lat' dir='ltr'><strong>in</strong></span> <span class='ocrx_word' id='word_1_201' title='bbox 427 2747 611 2824; x_wconf 78' lang='lat' dir='ltr'><strong>perceptione</strong></span> <span class='ocrx_word' id='word_1_202' title='bbox 643 2746 751 2823; x_wconf 81' lang='lat' dir='ltr'><strong>viginti</strong></span> <span class='ocrx_word' id='word_1_203' title='bbox 784 2745 942 2806; x_wconf 89' lang='lat' dir='ltr'><strong>solidorum</strong></span> <span class='ocrx_word' id='word_1_204' title='bbox 976 2744 1086 2823; x_wconf 83' lang='lat' dir='ltr'><strong>scilicet</strong></span> <span class='ocrx_word' id='word_1_205' title='bbox 1118 2764 1141 2805; x_wconf 86' lang='lat' dir='ltr'>x</span> <span class='ocrx_word' id='word_1_206' title='bbox 1174 2745 1225 2804; x_wconf 85' lang='lat' dir='ltr'><strong>sol’</strong></span> <span class='ocrx_word' id='word_1_207' title='bbox 1256 2745 1295 2805; x_wconf 91' lang='lat' dir='ltr'><strong>sd</strong></span> 
     </span>
     <span class='ocr_line' id='line_1_25' title="bbox 194 2825 1296 2889; baseline -0.002 -1"><span class='ocrx_word' id='word_1_208' title='bbox 194 2828 461 2889; x_wconf 84' lang='lat' dir='ltr'><strong>Annnnciacionem</strong></span> <span class='ocrx_word' id='word_1_209' title='bbox 477 2827 566 2887; x_wconf 81' lang='lat' dir='ltr'><strong>Beate</strong></span> <span class='ocrx_word' id='word_1_210' title='bbox 579 2826 673 2887; x_wconf 84' lang='lat' dir='ltr'><strong>Marie</strong></span> <span class='ocrx_word' id='word_1_211' title='bbox 686 2832 716 2887; x_wconf 89' lang='lat' dir='ltr'><strong>et</strong></span> <span class='ocrx_word' id='word_1_212' title='bbox 728 2846 751 2887; x_wconf 87' lang='lat' dir='ltr'>x</span> <span class='ocrx_word' id='word_1_213' title='bbox 763 2827 815 2885; x_wconf 85' lang='lat' dir='ltr'><strong>sol&#39;</strong></span> <span class='ocrx_word' id='word_1_214' title='bbox 835 2826 873 2886; x_wconf 89' lang='lat' dir='ltr'><strong>ed</strong></span> <span class='ocrx_word' id='word_1_215' title='bbox 893 2825 1002 2886; x_wconf 82' lang='lat' dir='ltr'><strong>festum</strong></span> <span class='ocrx_word' id='word_1_216' title='bbox 1022 2825 1124 2886; x_wconf 81' lang='lat' dir='ltr'><strong>Sancti</strong></span> <span class='ocrx_word' id='word_1_217' title='bbox 1142 2825 1296 2886; x_wconf 85' lang='lat' dir='ltr'><strong>Michaelis</strong></span> 
     </span>
     <span class='ocr_line' id='line_1_26' title="bbox 194 2906 1296 2987; baseline -0.002 -18"><span class='ocrx_word' id='word_1_218' title='bbox 194 2910 233 2969; x_wconf 86' lang='lat' dir='ltr'><strong>ab</strong></span> <span class='ocrx_word' id='word_1_219' title='bbox 245 2910 317 2987; x_wconf 87' lang='lat' dir='ltr'><strong>ipsis</strong></span> <span class='ocrx_word' id='word_1_220' title='bbox 330 2909 482 2969; x_wconf 80' lang='lat' dir='ltr'><strong>annuatim</strong></span> <span class='ocrx_word' id='word_1_221' title='bbox 494 2908 602 2969; x_wconf 86' lang='lat' dir='ltr'><strong>vicario</strong></span> <span class='ocrx_word' id='word_1_222' title='bbox 615 2906 828 2968; x_wconf 87' lang='lat' dir='ltr'><strong>solvendorum.</strong></span> <span class='ocrx_word' id='word_1_223' title='bbox 870 2906 920 2966; x_wconf 91' lang='lat' dir='ltr'><strong>Ita</strong></span> <span class='ocrx_word' id='word_1_224' title='bbox 932 2907 1012 2985; x_wconf 90' lang='lat' dir='ltr'><strong>quod</strong></span> <span class='ocrx_word' id='word_1_225' title='bbox 1024 2906 1058 2965; x_wconf 91' lang='lat' dir='ltr'><strong>in</strong></span> <span class='ocrx_word' id='word_1_226' title='bbox 1070 2906 1201 2983; x_wconf 85' lang='lat' dir='ltr'><strong>qualibet</strong></span> <span class='ocrx_word' id='word_1_227' title='bbox 1208 2907 1296 2967; x_wconf 90' lang='lat' dir='ltr'><strong>misse</strong></span> 
     </span>
     <span class='ocr_line' id='line_1_27' title="bbox 194 2986 1296 3065; baseline -0.005 -14"><span class='ocrx_word' id='word_1_228' title='bbox 194 2989 384 3051; x_wconf 81' lang='lat' dir='ltr'><strong>celebratione</strong></span> <span class='ocrx_word' id='word_1_229' title='bbox 407 2988 512 3049; x_wconf 84' lang='lat' dir='ltr'><strong>hebeat</strong></span> <span class='ocrx_word' id='word_1_230' title='bbox 536 2989 686 3049; x_wconf 88' lang='lat' dir='ltr'><strong>denarium</strong></span> <span class='ocrx_word' id='word_1_231' title='bbox 711 2988 737 3049; x_wconf 92' lang='lat' dir='ltr'><strong>si</strong></span> <span class='ocrx_word' id='word_1_232' title='bbox 760 2989 925 3065; x_wconf 77' lang='lat' dir='ltr'><strong>provenerit</strong></span> <span class='ocrx_word' id='word_1_233' title='bbox 947 2986 996 3047; x_wconf 87' lang='lat' dir='ltr'><strong>vel</strong></span> <span class='ocrx_word' id='word_1_234' title='bbox 1022 2988 1120 3047; x_wconf 90' lang='lat' dir='ltr'><strong>minus</strong></span> <span class='ocrx_word' id='word_1_235' title='bbox 1146 2988 1172 3047; x_wconf 90' lang='lat' dir='ltr'><strong>si</strong></span> <span class='ocrx_word' id='word_1_236' title='bbox 1198 2989 1296 3047; x_wconf 90' lang='lat' dir='ltr'><strong>minus</strong></span> 
     </span>
     <span class='ocr_line' id='line_1_28' title="bbox 195 3069 1296 3131; baseline -0.002 0"><span class='ocrx_word' id='word_1_237' title='bbox 195 3072 324 3131; x_wconf 87' lang='lat' dir='ltr'><strong>evenerit</strong></span> <span class='ocrx_word' id='word_1_238' title='bbox 350 3076 379 3131; x_wconf 89' lang='lat' dir='ltr'><strong>st</strong></span> <span class='ocrx_word' id='word_1_239' title='bbox 409 3075 502 3130; x_wconf 89' lang='lat' dir='ltr'><strong>totam</strong></span> <span class='ocrx_word' id='word_1_240' title='bbox 536 3070 713 3130; x_wconf 89' lang='lat' dir='ltr'><strong>oblationem</strong></span> <span class='ocrx_word' id='word_1_241' title='bbox 744 3070 778 3129; x_wconf 92' lang='lat' dir='ltr'><strong>in</strong></span> <span class='ocrx_word' id='word_1_242' title='bbox 812 3069 1041 3129; x_wconf 80' lang='lat' dir='ltr'><strong>confessionibus</strong></span> <span class='ocrx_word' id='word_1_243' title='bbox 1073 3069 1239 3128; x_wconf 91' lang='lat' dir='ltr'><strong>venientem</strong></span> <span class='ocrx_word' id='word_1_244' title='bbox 1266 3075 1296 3129; x_wconf 88' lang='lat' dir='ltr'><strong>et</strong></span> 
     </span>
     <span class='ocr_line' id='line_1_29' title="bbox 196 3150 1299 3229; baseline -0.003 -17"><span class='ocrx_word' id='word_1_245' title='bbox 196 3152 347 3211; x_wconf 82' lang='lat' dir='ltr'><strong>tricenaria</strong></span> <span class='ocrx_word' id='word_1_246' title='bbox 356 3170 423 3212; x_wconf 88' lang='lat' dir='ltr'><strong>curn</strong></span> <span class='ocrx_word' id='word_1_247' title='bbox 431 3152 580 3212; x_wconf 85' lang='lat' dir='ltr'><strong>evenerint</strong></span> <span class='ocrx_word' id='word_1_248' title='bbox 591 3156 620 3209; x_wconf 90' lang='lat' dir='ltr'><strong>et</strong></span> <span class='ocrx_word' id='word_1_249' title='bbox 630 3150 770 3229; x_wconf 84' lang='lat' dir='ltr'><strong>quicquid</strong></span> <span class='ocrx_word' id='word_1_250' title='bbox 780 3151 808 3210; x_wconf 93' lang='lat' dir='ltr'><strong>ei</strong></span> <span class='ocrx_word' id='word_1_251' title='bbox 817 3150 945 3229; x_wconf 72' lang='lat' dir='ltr'><strong>legatum</strong></span> <span class='ocrx_word' id='word_1_252' title='bbox 955 3150 1043 3210; x_wconf 81' lang='lat' dir='ltr'><strong>inerit</strong></span> <span class='ocrx_word' id='word_1_253' title='bbox 1052 3154 1119 3227; x_wconf 90' lang='lat' dir='ltr'><strong>post</strong></span> <span class='ocrx_word' id='word_1_254' title='bbox 1136 3150 1299 3227; x_wconf 75' lang='lat' dir='ltr'><strong>principale·</strong></span> 
     </span>
     <span class='ocr_line' id='line_1_30' title="bbox 197 3231 1297 3375; baseline -0.002 -82"><span class='ocrx_word' id='word_1_255' title='bbox 197 3237 402 3375; x_wconf 51' lang='lat' dir='ltr'><strong>testeffentum</strong></span> <span class='ocrx_word' id='word_1_256' title='bbox 411 3232 681 3310; x_wconf 80' lang='lat' dir='ltr'><strong>eoelesiepercipist</strong></span> <span class='ocrx_word' id='word_1_257' title='bbox 717 3231 958 3310; x_wconf 83' lang='lat' dir='ltr'><strong>Itctemenquod</strong></span> <span class='ocrx_word' id='word_1_258' title='bbox 967 3234 1172 3291; x_wconf 83' lang='lat' dir='ltr'><strong>testamentum</strong></span> <span class='ocrx_word' id='word_1_259' title='bbox 1179 3232 1297 3292; x_wconf 88' lang='lat' dir='ltr'><strong>ecclesis</strong></span> 
     </span>
     <span class='ocr_line' id='line_1_31' title="bbox 216 3319 1085 3375; baseline -0.006 -1"><span class='ocrx_word' id='word_1_260' title='bbox 216 3333 267 3374; x_wconf 90' lang='lat' dir='ltr'><strong>rev</strong></span> <span class='ocrx_word' id='word_1_261' title='bbox 297 3319 349 3375; x_wconf 88' lang='lat' dir='ltr'><strong>eat.</strong></span> <span class='ocrx_word' id='word_1_262' title='bbox 1082 3364 1085 3369; x_wconf 89' lang='lat'><em>.</em></span> 
     </span>
     <span class='ocr_line' id='line_1_32' title="bbox 196 3333 816 3476; baseline -0.002 -22"><span class='ocrx_word' id='word_1_263' title='bbox 196 3333 216 3392; x_wconf 76' lang='lat' dir='ltr'>p</span> <span class='ocrx_word' id='word_1_264' title='bbox 652 3394 742 3469; x_wconf 81' lang='lat' dir='ltr'><strong>.[Fo.</strong></span> <span class='ocrx_word' id='word_1_265' title='bbox 758 3389 816 3476; x_wconf 65' lang='lat' dir='ltr'><strong>le]</strong></span> 
     </span>
    </p>
   </div>
   <div class='ocr_carea' id='block_1_7' title="bbox 196 3495 1298 3739">
    <p class='ocr_par' dir='ltr' id='par_1_7' title="bbox 196 3495 1298 3739">
     <span class='ocr_line' id='line_1_33' title="bbox 256 3495 1298 3576; baseline -0.004 -12"><span class='ocrx_word' id='word_1_266' title='bbox 256 3510 398 3569; x_wconf 76' lang='lat' dir='ltr'><strong>STOWA.</strong></span> <span class='ocrx_word' id='word_1_267' title='bbox 423 3498 541 3559; x_wconf 77' lang='lat' dir='ltr'><strong>Vicetia</strong></span> <span class='ocrx_word' id='word_1_268' title='bbox 567 3499 601 3559; x_wconf 90' lang='lat' dir='ltr'><strong>in</strong></span> <span class='ocrx_word' id='word_1_269' title='bbox 634 3497 752 3559; x_wconf 86' lang='lat' dir='ltr'><strong>ecelesia</strong></span> <span class='ocrx_word' id='word_1_270' title='bbox 778 3498 816 3559; x_wconf 93' lang='lat' dir='ltr'><strong>de</strong></span> <span class='ocrx_word' id='word_1_271' title='bbox 849 3497 948 3560; x_wconf 80' lang='lat' dir='ltr'><strong>Stows</strong></span> <span class='ocrx_word' id='word_1_272' title='bbox 973 3516 1031 3576; x_wconf 88' lang='lat' dir='ltr'><strong>que</strong></span> <span class='ocrx_word' id='word_1_273' title='bbox 1056 3502 1102 3558; x_wconf 88' lang='lat' dir='ltr'><strong>est</strong></span> <span class='ocrx_word' id='word_1_274' title='bbox 1127 3495 1241 3558; x_wconf 80' lang='lat' dir='ltr'><strong>abbatis</strong></span> <span class='ocrx_word' id='word_1_275' title='bbox 1267 3503 1298 3560; x_wconf 84' lang='lat' dir='ltr'><strong>et</strong></span> 
     </span>
     <span class='ocr_line' id='line_1_34' title="bbox 196 3578 1298 3657; baseline -0.004 -14"><span class='ocrx_word' id='word_1_276' title='bbox 196 3581 367 3643; x_wconf 82' lang='lat' dir='ltr'><strong>Conventus</strong></span> <span class='ocrx_word' id='word_1_277' title='bbox 379 3580 417 3641; x_wconf 91' lang='lat' dir='ltr'><strong>de</strong></span> <span class='ocrx_word' id='word_1_278' title='bbox 430 3580 500 3642; x_wconf 86' lang='lat' dir='ltr'><strong>Osn’</strong></span> <span class='ocrx_word' id='word_1_279' title='bbox 514 3578 685 3640; x_wconf 85' lang='lat' dir='ltr'><strong>auctoritate</strong></span> <span class='ocrx_word' id='word_1_280' title='bbox 698 3579 814 3639; x_wconf 90' lang='lat' dir='ltr'><strong>concilii</strong></span> <span class='ocrx_word' id='word_1_281' title='bbox 828 3579 962 3640; x_wconf 81' lang='lat' dir='ltr'><strong>ordinata</strong></span> <span class='ocrx_word' id='word_1_282' title='bbox 977 3579 1110 3640; x_wconf 74' lang='lat' dir='ltr'><strong>condatit</strong></span> <span class='ocrx_word' id='word_1_283' title='bbox 1128 3598 1181 3657; x_wconf 84' lang='lat' dir='ltr'><strong>per</strong></span> <span class='ocrx_word' id='word_1_284' title='bbox 1199 3580 1298 3640; x_wconf 86' lang='lat' dir='ltr'><strong>omnia</strong></span> 
     </span>
     <span class='ocr_line' id='line_1_35' title="bbox 196 3658 1298 3739; baseline 0 -18"><span class='ocrx_word' id='word_1_285' title='bbox 196 3666 230 3722; x_wconf 91' lang='lat' dir='ltr'><strong>ut</strong></span> <span class='ocrx_word' id='word_1_286' title='bbox 263 3681 350 3738; x_wconf 82' lang='lat' dir='ltr'><strong>supra</strong></span> <span class='ocrx_word' id='word_1_287' title='bbox 382 3662 629 3723; x_wconf 84' lang='lat' dir='ltr'><strong>Archidisconstu</strong></span> <span class='ocrx_word' id='word_1_288' title='bbox 669 3658 764 3721; x_wconf 84' lang='lat' dir='ltr'><strong>Oxon&#39;</strong></span> <span class='ocrx_word' id='word_1_289' title='bbox 797 3661 831 3720; x_wconf 90' lang='lat' dir='ltr'><strong>in</strong></span> <span class='ocrx_word' id='word_1_290' title='bbox 867 3660 1011 3739; x_wconf 87' lang='lat' dir='ltr'><strong>principio</strong></span> <span class='ocrx_word' id='word_1_291' title='bbox 1049 3662 1083 3719; x_wconf 81' lang='lat' dir='ltr'><strong>ic</strong></span> <span class='ocrx_word' id='word_1_292' title='bbox 1116 3660 1298 3721; x_wconf 66' lang='lat' dir='ltr'><strong>ordimioos</strong></span> 
     </span>
    </p>
   </div>
   <div class='ocr_carea' id='block_1_8' title="bbox 195 3743 858 3863">
    <p class='ocr_par' dir='ltr' id='par_1_8' title="bbox 195 3743 858 3863">
     <span class='ocr_line' id='line_1_36' title="bbox 195 3743 352 3819; baseline -0.013 -16"><span class='ocrx_word' id='word_1_293' title='bbox 195 3743 352 3819; x_wconf 66' lang='lat' dir='ltr'><strong>pecuali*</strong></span> 
     </span>
     <span class='ocr_line' id='line_1_37' title="bbox 639 3818 858 3863; baseline -0.005 -2"><span class='ocrx_word' id='word_1_294' title='bbox 639 3820 687 3861; x_wconf 74' lang='lat' dir='ltr'><strong>*ln</strong></span> <span class='ocrx_word' id='word_1_295' title='bbox 699 3831 713 3863; x_wconf 76' lang='lat' dir='ltr'><strong>a</strong></span> <span class='ocrx_word' id='word_1_296' title='bbox 723 3820 780 3863; x_wconf 74' lang='lat' dir='ltr'><strong>letes</strong></span> <span class='ocrx_word' id='word_1_297' title='bbox 791 3818 858 3861; x_wconf 72' lang='lat' dir='ltr'><strong>hand.</strong></span> 
     </span>
    </p>
   </div>
   <div class='ocr_carea' id='block_1_9' title="bbox 196 3950 1299 4518">
    <p class='ocr_par' dir='ltr' id='par_1_9' title="bbox 196 3950 1299 4518">
     <span class='ocr_line' id='line_1_38' title="bbox 258 3950 1299 4029; baseline -0.007 -11"><span class='ocrx_word' id='word_1_298' title='bbox 258 3963 473 4018; x_wconf 65' lang='lat' dir='ltr'><strong>itemst-&#39;sin</strong></span> <span class='ocrx_word' id='word_1_299' title='bbox 498 3951 617 4013; x_wconf 86' lang='lat' dir='ltr'><strong>Viceria</strong></span> <span class='ocrx_word' id='word_1_300' title='bbox 628 3952 661 4012; x_wconf 91' lang='lat' dir='ltr'><strong>in</strong></span> <span class='ocrx_word' id='word_1_301' title='bbox 675 3952 793 4013; x_wconf 86' lang='lat' dir='ltr'><strong>ecelesia</strong></span> <span class='ocrx_word' id='word_1_302' title='bbox 806 3952 844 4011; x_wconf 93' lang='lat' dir='ltr'><strong>de</strong></span> <span class='ocrx_word' id='word_1_303' title='bbox 854 3950 1030 4013; x_wconf 81' lang='lat' dir='ltr'><strong>Kauersfeld</strong></span> <span class='ocrx_word' id='word_1_304' title='bbox 1043 3969 1101 4029; x_wconf 89' lang='lat' dir='ltr'><strong>que</strong></span> <span class='ocrx_word' id='word_1_305' title='bbox 1120 3957 1165 4012; x_wconf 89' lang='lat' dir='ltr'><strong>est</strong></span> <span class='ocrx_word' id='word_1_306' title='bbox 1184 3951 1299 4012; x_wconf 83' lang='lat' dir='ltr'><strong>abbatis</strong></span> 
     </span>
     <span class='ocr_line' id='line_1_39' title="bbox 197 4033 1299 4097; baseline -0.001 -3"><span class='ocrx_word' id='word_1_307' title='bbox 197 4040 226 4095; x_wconf 90' lang='lat' dir='ltr'><strong>et</strong></span> <span class='ocrx_word' id='word_1_308' title='bbox 239 4034 411 4097; x_wconf 79' lang='lat' dir='ltr'><strong>Conventus</strong></span> <span class='ocrx_word' id='word_1_309' title='bbox 424 4034 460 4093; x_wconf 89' lang='lat' dir='ltr'><strong>de</strong></span> <span class='ocrx_word' id='word_1_310' title='bbox 471 4034 647 4093; x_wconf 87' lang='lat' dir='ltr'><strong>Messenden</strong></span> <span class='ocrx_word' id='word_1_311' title='bbox 661 4036 832 4095; x_wconf 87' lang='lat' dir='ltr'><strong>auctoritate</strong></span> <span class='ocrx_word' id='word_1_312' title='bbox 844 4033 960 4093; x_wconf 91' lang='lat' dir='ltr'><strong>concilii</strong></span> <span class='ocrx_word' id='word_1_313' title='bbox 973 4033 1105 4093; x_wconf 83' lang='lat' dir='ltr'><strong>ordinate</strong></span> <span class='ocrx_word' id='word_1_314' title='bbox 1119 4034 1254 4093; x_wconf 89' lang='lat' dir='ltr'><strong>consistit</strong></span> <span class='ocrx_word' id='word_1_315' title='bbox 1265 4034 1299 4093; x_wconf 89' lang='lat' dir='ltr'><strong>in</strong></span> 
     </span>
     <span class='ocr_line' id='line_1_40' title="bbox 197 4114 1299 4191; baseline -0.002 -16"><span class='ocrx_word' id='word_1_316' title='bbox 197 4120 258 4175; x_wconf 85' lang='lat' dir='ltr'><strong>toto</strong></span> <span class='ocrx_word' id='word_1_317' title='bbox 272 4114 410 4191; x_wconf 79' lang='lat' dir='ltr'><strong>alteragio</strong></span> <span class='ocrx_word' id='word_1_318' title='bbox 420 4120 449 4175; x_wconf 89' lang='lat' dir='ltr'><strong>et</strong></span> <span class='ocrx_word' id='word_1_319' title='bbox 462 4116 495 4175; x_wconf 91' lang='lat' dir='ltr'><strong>in</strong></span> <span class='ocrx_word' id='word_1_320' title='bbox 506 4114 642 4175; x_wconf 88' lang='lat' dir='ltr'><strong>omnibus</strong></span> <span class='ocrx_word' id='word_1_321' title='bbox 650 4114 774 4175; x_wconf 89' lang='lat' dir='ltr'><strong>minutis</strong></span> <span class='ocrx_word' id='word_1_322' title='bbox 783 4115 904 4174; x_wconf 88' lang='lat' dir='ltr'><strong>decimis</strong></span> <span class='ocrx_word' id='word_1_323' title='bbox 914 4120 944 4173; x_wconf 90' lang='lat' dir='ltr'><strong>et</strong></span> <span class='ocrx_word' id='word_1_324' title='bbox 956 4115 990 4173; x_wconf 92' lang='lat' dir='ltr'><strong>in</strong></span> <span class='ocrx_word' id='word_1_325' title='bbox 999 4114 1154 4174; x_wconf 85' lang='lat' dir='ltr'><strong>medietate</strong></span> <span class='ocrx_word' id='word_1_326' title='bbox 1167 4115 1299 4174; x_wconf 88' lang='lat' dir='ltr'><strong>omniurn</strong></span> 
     </span>
     <span class='ocr_line' id='line_1_41' title="bbox 197 4194 1298 4273; baseline -0.004 -16"><span class='ocrx_word' id='word_1_327' title='bbox 197 4195 372 4259; x_wconf 82' lang='lat' dir='ltr'><strong>decimarum</strong></span> <span class='ocrx_word' id='word_1_328' title='bbox 385 4195 422 4255; x_wconf 91' lang='lat' dir='ltr'><strong>de</strong></span> <span class='ocrx_word' id='word_1_329' title='bbox 442 4215 494 4255; x_wconf 86' lang='lat' dir='ltr'><strong>sex</strong></span> <span class='ocrx_word' id='word_1_330' title='bbox 517 4196 637 4273; x_wconf 83' lang='lat' dir='ltr'><strong>virgatis</strong></span> <span class='ocrx_word' id='word_1_331' title='bbox 660 4201 734 4256; x_wconf 87' lang='lat' dir='ltr'><strong>terre</strong></span> <span class='ocrx_word' id='word_1_332' title='bbox 757 4197 790 4255; x_wconf 92' lang='lat' dir='ltr'><strong>in</strong></span> <span class='ocrx_word' id='word_1_333' title='bbox 803 4195 883 4254; x_wconf 81' lang='lat' dir='ltr'><strong>villa</strong></span> <span class='ocrx_word' id='word_1_334' title='bbox 901 4194 939 4253; x_wconf 93' lang='lat' dir='ltr'><strong>de</strong></span> <span class='ocrx_word' id='word_1_335' title='bbox 959 4194 1092 4256; x_wconf 73' lang='lat' dir='ltr'><strong>stretton</strong></span> <span class='ocrx_word' id='word_1_336' title='bbox 1108 4200 1138 4255; x_wconf 94' lang='lat' dir='ltr'><strong>et</strong></span> <span class='ocrx_word' id='word_1_337' title='bbox 1150 4196 1184 4254; x_wconf 91' lang='lat' dir='ltr'><strong>in</strong></span> <span class='ocrx_word' id='word_1_338' title='bbox 1197 4212 1298 4254; x_wconf 88' lang='lat' dir='ltr'><strong>manso</strong></span> 
     </span>
     <span class='ocr_line' id='line_1_42' title="bbox 197 4275 1299 4356; baseline -0.005 -17"><span class='ocrx_word' id='word_1_339' title='bbox 197 4281 378 4356; x_wconf 83' lang='lat' dir='ltr'><strong>competente</strong></span> <span class='ocrx_word' id='word_1_340' title='bbox 391 4296 457 4336; x_wconf 90' lang='lat' dir='ltr'><strong>cum</strong></span> <span class='ocrx_word' id='word_1_341' title='bbox 470 4276 584 4337; x_wconf 86' lang='lat' dir='ltr'><strong>duabus</strong></span> <span class='ocrx_word' id='word_1_342' title='bbox 597 4276 670 4337; x_wconf 89' lang='lat' dir='ltr'><strong>seris</strong></span> <span class='ocrx_word' id='word_1_343' title='bbox 683 4282 757 4337; x_wconf 88' lang='lat' dir='ltr'><strong>terre</strong></span> <span class='ocrx_word' id='word_1_344' title='bbox 770 4294 830 4335; x_wconf 87' lang='lat' dir='ltr'><strong>una</strong></span> <span class='ocrx_word' id='word_1_345' title='bbox 842 4275 952 4335; x_wconf 88' lang='lat' dir='ltr'><strong>scilieet</strong></span> <span class='ocrx_word' id='word_1_346' title='bbox 966 4278 998 4335; x_wconf 91' lang='lat' dir='ltr'><strong>in</strong></span> <span class='ocrx_word' id='word_1_347' title='bbox 1011 4294 1071 4335; x_wconf 88' lang='lat' dir='ltr'><strong>uno</strong></span> <span class='ocrx_word' id='word_1_348' title='bbox 1085 4294 1186 4354; x_wconf 88' lang='lat' dir='ltr'><strong>campo</strong></span> <span class='ocrx_word' id='word_1_349' title='bbox 1199 4280 1230 4335; x_wconf 87' lang='lat' dir='ltr'><strong>et</strong></span> <span class='ocrx_word' id='word_1_350' title='bbox 1242 4275 1299 4334; x_wconf 88' lang='lat' dir='ltr'><strong>clia</strong></span> 
     </span>
     <span class='ocr_line' id='line_1_43' title="bbox 196 4356 1298 4434; baseline -0.004 -17"><span class='ocrx_word' id='word_1_351' title='bbox 196 4359 228 4417; x_wconf 91' lang='lat' dir='ltr'><strong>in</strong></span> <span class='ocrx_word' id='word_1_352' title='bbox 242 4360 298 4418; x_wconf 81' lang='lat' dir='ltr'><strong>elio</strong></span> <span class='ocrx_word' id='word_1_353' title='bbox 314 4363 343 4417; x_wconf 90' lang='lat' dir='ltr'><strong>et</strong></span> <span class='ocrx_word' id='word_1_354' title='bbox 359 4358 453 4417; x_wconf 84' lang='lat' dir='ltr'><strong>solvet</strong></span> <span class='ocrx_word' id='word_1_355' title='bbox 472 4358 596 4418; x_wconf 86' lang='lat' dir='ltr'><strong>vicarius</strong></span> <span class='ocrx_word' id='word_1_356' title='bbox 616 4358 759 4418; x_wconf 80' lang='lat' dir='ltr'><strong>sinodalia</strong></span> <span class='ocrx_word' id='word_1_357' title='bbox 777 4362 894 4417; x_wconf 87' lang='lat' dir='ltr'><strong>tantum</strong></span> <span class='ocrx_word' id='word_1_358' title='bbox 907 4358 1039 4416; x_wconf 88' lang='lat' dir='ltr'><strong>canonici</strong></span> <span class='ocrx_word' id='word_1_359' title='bbox 1053 4376 1122 4417; x_wconf 88' lang='lat' dir='ltr'><strong>vero</strong></span> <span class='ocrx_word' id='word_1_360' title='bbox 1135 4356 1298 4434; x_wconf 88' lang='lat' dir='ltr'><strong>hospicium</strong></span> 
     </span>
     <span class='ocr_line' id='line_1_44' title="bbox 196 4438 618 4518; baseline 0 -17"><span class='ocrx_word' id='word_1_361' title='bbox 196 4438 404 4501; x_wconf 82' lang='lat' dir='ltr'><strong>Archidiaconi</strong></span> <span class='ocrx_word' id='word_1_362' title='bbox 416 4439 618 4518; x_wconf 84' lang='lat' dir='ltr'><strong>procurabunt</strong></span> 
     </span>
    </p>
   </div>
   <div class='ocr_carea' id='block_1_10' title="bbox 0 0 1609 5367">
    <p class='ocr_par' dir='ltr' id='par_1_10' title="bbox 0 0 1609 5367">
     <span class='ocr_line' id='line_1_45' title="bbox 0 0 1609 5367; baseline 0 0"><span class='ocrx_word' id='word_1_363' title='bbox 0 0 1609 5367; x_wconf 95' lang='lat' dir='ltr'><strong> </strong></span> 
     </span>
    </p>
   </div>
  </div>
 </body>
</html>
