3192 5367
283 498 303 562 6
668 510 772 566 mnus
794 510 973 575 Arulenus

284 662 448 742 pertinente
478 664 509 720 et
534 660 568 719 in
593 678 693 719 menso
720 676 787 719 cum
809 658 904 719 crofto
924 658 958 717 in
983 676 1043 737 quo
1064 658 1230 737 cspsllsnns
1252 659 1384 737 ejusdcm

285 742 403 805 ecclesie
416 758 531 801 mrnsrs
544 741 695 801 consuevit
708 745 738 799 et
750 740 784 800 in
797 738 917 799 decimis
936 739 998 799 leni
1011 738 1125 801 dstote
1138 740 1293 819 villemgio
1305 746 1337 801 et
1350 742 1384 800 in

286 822 406 885 decimis
418 820 650 882 molendinorum
666 826 696 881 et
708 821 797 880 unius
810 821 920 895 virgste
930 824 1005 880 terre
1017 840 1105 897 quom
1117 821 1191 880 dicti
1203 822 1335 881 cononici
1347 822 1385 881 de

285 910 361 965 terrs
386 902 516 979 ejusdem
550 902 667 963 ecclesis
700 905 810 961 tenent
852 900 986 962 Victrius
1020 906 1118 962 sutem
1147 903 1241 962 solvet
1268 907 1385 963 tentum

286 982 435 1057 sinodalis,
463 982 537 1043 dicti
562 988 661 1043 entem
687 981 788 1043 Abbss
815 986 847 1040 et
875 982 1046 1043 Conventus
1079 983 1176 1044 omnis
1208 983 1266 1043 slis
1298 984 1385 1043 onere

287 1066 464 1127 sustinentes
477 1063 639 1141 hospicium
651 1062 860 1123 Archidisconi
874 1062 1077 1140 procumbunt
1118 1064 1159 1123 Et
1167 1064 1210 1123 sic
1218 1064 1298 1125 velet
1306 1064 1385 1125 dicto

287 1147 393 1209 nnsis
406 1145 536 1223 quinque
549 1144 642 1205 msrc’.
685 1143 796 1205 Totrlis
809 1147 908 1205 sutem
919 1144 1036 1205 ecclesie
1049 1144 1092 1221 xij
1107 1142 1200 1206 mcrc'.

347 1314 575 1371 ΗΟΚΕΝΤΟΝ.
595 1304 757 1366 Vicnrioin
769 1304 889 1365 ecclesio
901 1305 938 1365 do
952 1302 1121 1365 Hoken¹ton
1133 1324 1191 1383 qus
1204 1310 1249 1367 cst
1261 1305 1387 1367 Abbstis

288 1393 319 1451 et
338 1392 499 1451 conventus
513 1386 582 1449 Osn’
596 1388 767 1447 auctoritate
786 1386 902 1447 concilii
921 1386 1054 1447 ordinate
1073 1387 1208 1447 consistit
1224 1388 1387 1465 peremnis

288 1474 323 1531 nt
349 1487 437 1547 supro
463 1466 564 1529 codem
590 1468 844 1529 Archidisconsto.
899 1467 939 1527 In
970 1466 1114 1547 principio
1146 1469 1179 1528 io
1204 1469 1387 1529 ordinatim

287 1550 443 1629 amm
680 1626 991 1671 *murotenus

350 1769 581 1827 ΘΕΒΤΕΗΤΟΝ.
622 1758 739 1820 Vicsric
770 1760 805 1819 in
840 1758 959 1819 ecclesis
998 1756 1036 1819 de
1069 1758 1221 1821 (lesterton
1253 1778 1311 1837 qne
1343 1764 1388 1821 cst

290 1844 484 1922 predictorum
493 1839 619 1899 Abbstis
633 1845 663 1899 et
673 1839 843 1900 Conventus
854 1838 923 1907 Osn'
933 1840 1104 1900 auctoritate
1123 1839 1239 1902 concilii
1254 1842 1389 1903 similiter
1444 1851 1446 1854 ’

290 1924 425 1985 ordinata
437 1920 569 1983 consistit
581 1938 634 1998 per
647 1920 745 1979 omnis
758 1924 792 1980 ιιι
806 1939 893 1997 suprs
905 1920 1018 1981 dictum
1029 1924 1082 1982 est

349 2090 521 2149 sotsrou.
546 2080 686 2141 Vicsris
676 2100 710 2141 m
723 2080 842 2142 ecclesis
854 2080 892 2141 de
901 2080 1025 2159 Scipion
1037 2100 1095 2160 que
1104 2085 1148 2142 ost
1156 2082 1303 2160 prebende
1313 2083 1388 2145 sare

289 2166 438 2244 pertinens
467 2163 506 2222 sd
536 2166 721 2259 patronatum
751 2161 818 2222 Ado
847 2162 885 2223 ds
911 2162 1066 2240 Brimpton
1092 2164 1195 2223 militis
1217 2166 1388 2225 anctoritate

289 2246 406 2308 concilii
419 2243 551 2305 ordinato
564 2243 719 2303 consistit
709 2263 742 2303 m
761 2262 822 2303 uno
840 2244 953 2322 virgsto
971 2247 1047 2304 terre
1066 2263 1134 2304 cum
1151 2264 1252 2305 menso
1265 2264 1318 2323 qur
1307 2246 1388 2305 fuit

290 2329 339 2389 W.
355 2326 503 2405 quondam
516 2323 646 2401 ejusdcm
659 2324 758 2385 loci
728 2325 830 2385 metrii
845 2329 876 2384 et
888 2324 991 2385 decmi
1010 2324 1069 2385 et
1059 2344 1093 2385 m
1105 2326 1225 2385 decimis
1236 2328 1389 2403 gorborum

290 2410 390 2470 decom
409 2407 585 2482 virgsterum
604 2409 679 2465 terre
699 2404 737 2465 do
756 2406 903 2466 dominico
916 2406 1058 2468 cononici
1077 2406 1208 2483 ejusdem
1227 2407 1346 2468 ecclesie
1359 2413 1389 2467 et

290 2490 328 2550 de
340 2486 514 2550 tenementis
527 2486 658 2546 omnium
672 2504 790 2547 suorum
807 2492 838 2547 et
856 2488 890 2547 in
910 2485 1031 2547 decimis
1043 2486 1109 2547 lene
1122 2490 1153 2547 st
1162 2486 1391 2550 obvencionibus

290 2570 505 2631 confessionum
518 2568 552 2628 in
562 2568 779 2646 qusdmgesims
798 2573 830 2628 et
849 2568 985 2628 omnibus
1002 2567 1201 2628 oblacionibus
1213 2568 1274 2634 dici
1285 2571 1391 2647 psscbe

290 2652 344 2713 οι’
335 2672 368 2711 m
388 2649 566 2712 obventione
585 2666 695 2726 penum
716 2649 755 2708 sd
779 2648 870 2709 cltnro
892 2654 1060 2727 pestutum
1078 2668 1190 2710 annum
1209 2655 1355 2745 excepto
1343 2650 1392 2711 dis

290 2750 463 2811 paresceves.
506 2730 546 2790 Et
579 2729 659 2791 velet
690 2730 798 2791 viceris
830 2734 949 2790 centnm
978 2728 1031 2790 sol'
1057 2733 1087 2790 et
1119 2730 1241 2791 hebebit
1266 2730 1392 2797 ιιοιιιιιι

291 2814 473 2892 capellanum
485 2810 597 2873 socium
610 2812 645 2871 in
658 2810 737 2872 dicte
754 2809 891 2889 pnechis
910 2810 1048 2871 continue
1060 2828 1158 2871 secum
1170 2811 1393 2873 ministrantem.

291 2894 458 2957 Gsnonicus
474 2912 543 2955 vero
563 2892 661 2965 omnis
683 2892 741 2953 slis
763 2893 959 2996 emoluments
980 2891 1120 2970 percipiet
1139 2895 1170 2953 et
1189 2893 1288 2955 omnio
1305 2911 1394 2954 onero

292 2976 370 3037 dicte
383 2974 500 3037 ecclesis
512 2956 677 3034 sustinebit

356 3132 758 3201 monstravimus
772 3131 1392 3213 ecclesisdeBlokshnmquesstAbbstime

294 3221 324 3279 et
336 3216 511 3277 Monislium
524 3215 561 3275 de
574 3212 748 3275 Godestowo
760 3232 827 3274 cum
839 3214 950 3293 ospello
962 3214 999 3274 dc
1011 3214 1209 3277 Midelecumb
1222 3217 1392 3277 eneteritete

294 3298 411 3359 concilii
431 3296 563 3360 ordissts
581 3295 747 3356 consistit
736 3314 770 3356 rn
797 3299 861 3355 toto
888 3296 1024 3374 sltsmgio
1043 3306 1106 3356 tom
1127 3298 1256 3357 metricis
1275 3286 1391 3358 ecclesie

293 3398 381 3459 quem
394 3377 471 3437 dicte
485 3376 595 3457 capelle
607 3380 725 3455 excepto
738 3375 850 3437 decime
861 3376 928 3437 lone
941 3380 972 3437 et
984 3396 1125 3455 sgnornm
1136 3378 1264 3439 metricis
1273 3378 1391 3439 ecclesie

294 3460 331 3521 ds
341 3458 509 3520 Blokshsm.
552 3457 694 3518 Consistit
707 3458 798 3518 eciem
809 3458 844 3518 in
855 3456 943 3518 bledo
956 3458 1037 3537 qnod
1055 3459 1129 3519 solet
1147 3459 1211 3519 deri
1222 3459 1391 3519 trituretum

293 3541 380 3601 dictis
391 3539 508 3600 ecclesie
518 3542 548 3599 et
561 3539 670 3616 ospello
682 3538 720 3599 de
730 3538 911 3599 Mildscumb
921 3538 988 3619 (ric)
996 3539 1075 3617 quod
1084 3544 1205 3601 vocetur
1214 3539 1392 3602 Obirchesed

294 3642 361 3683 cum
375 3640 476 3681 msnso
489 3620 542 3697 qni
555 3620 628 3679 situs
642 3624 686 3679 est
698 3620 776 3680 inter
794 3638 928 3680 mensum
941 3638 994 3697 qur
984 3620 1066 3681 ιιιιι
1078 3620 1189 3698 Ρ
1179 3621 1239 3680 de
1251 3620 1391 3681 Bereiord

294 3708 325 3764 et
352 3720 485 3763 mensum
511 3701 563 3779 qui
592 3700 651 3760 fuit
674 3700 829 3762 Willislmi
851 3700 1005 3761 Kolemsm
1047 3702 1136 3762 Dicte
1158 3720 1226 3762 vero
1252 3700 1391 3762 moniales

295 3782 636 3845 omnisonersdictcmm
643 3780 1392 3859 ecclesisstcopsllsdebitsetconsuetssustinebunt

293 3870 390 3943 preter
402 3862 544 3925 sinodalis
556 3881 613 3940 que
625 3862 749 3923 vicerim
762 3862 915 3940 persolvet
956 3862 998 3923 Et
1016 3867 1088 3924 sunt
1106 3864 1150 3923 ibi
1168 3865 1321 3925 necessaris
1311 3864 1392 3923 duo

294 3966 327 4007 ce
362 3946 442 4007 iloni

326 3966 508 4087 pottrldditsr
533 4043 586 4101 per
609 4026 722 4085 ιοαιιιιι
745 4024 904 4085 Robcrtcm
926 4024 1038 4086 decim
1058 4026 1125 4087 lace
1144 4030 1173 4086 et
1193 4044 1335 4102 amorum
1356 4026 1392 4085 de

296 4108 709 4183 ...bampuscst.
767 4149 775 4165 .
831 4107 1003 4167 .Item.
1058 4150 1066 4166 .
1119 4106 1394 4167 .eoloctcicarius

294 4188 443 4250 simdolia
455 4193 483 4249 et
495 4188 642 4247 abbatissa
650 4186 821 4265 procurabit
832 4188 991 4263 ιοιριιίιιι
1004 4186 1219 4247 Arctide‘ocooi.

516 4315 1177 4370 'lntbswsslmlnsnotbstdelnmfflntlnk
