3192 5367
297 485 340 549 88
695 496 800 553 alasa
822 496 1000 563 aurluuue

295 652 392 711 Juxta
410 666 499 727 quam
518 647 714 725 provisionem
732 647 812 708 idem
826 646 964 708 Officialis
983 650 1082 707 noster
1102 645 1140 705 ed
1153 642 1398 723 presentaciouem
1474 648 1479 655 '

297 732 442 792 dictorum
452 728 556 806 prioris
565 734 595 789 ct
604 728 817 789 canonicorum
827 733 857 787 ct
864 726 1040 787 Monislinm
1048 726 1207 787 Gerardntn
1216 727 1398 804 capellanum

297 814 336 873 ad
362 811 521 891 predictam
547 810 684 869 vicariam
711 829 732 869 v
758 810 885 887 partium
914 808 1033 869 ecclesie
1059 810 1096 867 de
1123 809 1252 868 Amewie
1279 808 1398 867 admisit

297 895 452 971 ipsumque
464 890 498 949 in
509 890 612 950 eadem
624 890 764 951 vicariurn
777 895 950 967 perpetuum
957 889 1088 949 instituit
1097 889 1264 966 dictumque
1274 890 1399 966 priorem

298 979 329 1035 ct
351 977 528 1034 conventum
552 971 589 1031 de
613 970 800 1031 Heverholm’
822 970 861 1029 ad
887 971 1054 1047 porcionem
1079 988 1137 1047 que
1162 971 1241 1049 ipsos
1266 971 1342 1029 sicut
1364 970 1397 1028 in

298 1054 482 1116 ordinacione
494 1053 666 1130 premissum
678 1056 723 1112 est
736 1052 880 1129 contingit
893 1051 1019 1111 admisit
1062 1050 1094 1111 N
1095 1070 1126 1110 os
1136 1052 1227 1128 igitur
1238 1050 1398 1127 predictam

298 1135 492 1214 provisionem
502 1138 533 1193 et
542 1133 756 1193 ordinacionem
763 1134 797 1193 in
805 1128 1109 1209 predictifivpartibus
1117 1131 1235 1192 ecclesie
1242 1136 1399 1192 memorate

298 1218 336 1277 de
348 1214 435 1297 A[so.
452 1211 637 1291 athmeewic
657 1212 755 1293 (sie)a
774 1212 904 1291 predicto
918 1212 1043 1273 Officiali
1062 1218 1160 1273 nostro
1179 1212 1286 1273 iactam
1306 1217 1399 1271 ratam

297 1298 439 1358 habemes
452 1299 482 1355 et
495 1301 605 1372 gratam
619 1314 682 1354 eam
696 1295 867 1355 auctoritato
880 1294 1034 1371 episcopali
1050 1294 1260 1355 confirmamus.
1303 1292 1399 1353 Salvis

297 1380 331 1438 in
357 1377 494 1439 omnibus
520 1376 571 1437 dcc.
614 1375 683 1435 Hiis
708 1376 845 1435 Testibus
871 1375 982 1435 Th0ma
1009 1375 1045 1434 de
1072 1374 1225 1435 Fickerton
1250 1373 1399 1451 capellano

297 1460 437 1521 canonico
461 1456 552 1533 Linc',
574 1458 714 1534 Magistro
738 1456 900 1517 willielmo
924 1455 961 1516 de
983 1454 1074 1529 Linc’‚
1097 1456 1246 1532 Stephano
1268 1455 1305 1514 de
1327 1453 1398 1528 Cic',

298 1540 423 1601 Ricardo
436 1540 474 1599 de
487 1539 583 1599 Oxcn'
596 1544 627 1597 et
640 1537 759 1599 Oliverc
778 1537 816 1596 de
830 1536 965 1613 Chesney
978 1537 1088 1597 olorinis
1108 1536 1223 1597 statiis.
1265 1535 1334 1595 Dat'
1347 1554 1400 1613 per

298 1640 403 1689 menne
425 1619 475 1679 W.
496 1620 703 1681 Archidiaconi
727 1620 826 1680 Stove
848 1617 927 1696 apud
950 1617 1083 1693 Lafford',
1104 1616 1182 1695 iujo.
1203 1635 1271 1678 non.
1294 1614 1397 1694 Marcii

298 1703 487 1782 pontificatus
498 1702 592 1761 nostri
605 1718 782 1761 annononc.
1119 1765 1121 1771 y

361 1877 414 1930 roe
428 1876 476 1929 cr
490 1876 701 1930 ΜεοιετΑτε
713 1862 824 1921 edesio
839 1862 875 1921 de
887 1861 1034 1937 aucep.

359 1943 514 2005 Universis
536 1942 589 2003 dvc.
633 1943 756 2003 Noverit
778 1942 953 2003 universitas
976 1948 1074 2002 vestre
1096 1960 1150 2003 nos
1170 1942 1207 2002 de
1226 1960 1345 2003 assensu
1361 1941 1397 2003 R.

299 2024 412 2085 Decani
425 2030 455 2083 et
468 2022 598 2101 Capituli
622 2024 715 2083 nostri
737 2022 820 2083 Linc'
834 2024 936 2084 divine
957 2024 1073 2101 pietatis
1096 2024 1208 2084 intuitu
1232 2023 1346 2083 dedisse
1369 2027 1399 2083 et

298 2105 471 2166 concessisse
494 2104 595 2163 domui
618 2103 772 2181 hospitatis
796 2104 826 2165 S.
857 2104 938 2165 Petri
962 2105 999 2164 dc
1021 2104 1108 2164 Ebor'
1133 2105 1206 2165 duos
1232 2104 1340 2165 solidos
1366 2104 1399 2163 in

298 2186 453 2246 medietate
479 2185 598 2245 ecclesie
623 2185 660 2243 de
686 2185 831 2263 Alethorp
857 2178 915 2263 quc
941 2186 979 2245 de
1011 2204 1110 2245 eorum
1137 2190 1182 2247 cst
1208 2185 1400 2245 advomcione

299 2267 451 2327 annuatim
473 2265 593 2325 nomine
615 2267 749 2343 perpetui
772 2266 906 2326 bencidi
925 2267 1125 2345 percipiendos
1145 2284 1319 2345 parmenus
1333 2266 1399 2327 Ade

298 2367 419 2427 persone
432 2346 563 2426 ejusdem
576 2346 740 2406 medietatis
752 2352 783 2407 et
795 2366 991 2408 successorum
1011 2366 1128 2409 auorum
1141 2348 1193 2425 qui
1206 2366 1257 2425 pro
1270 2352 1399 2425 tempore

299 2430 410 2490 feceno
436 2430 469 2489 in
496 2427 604 2487 eudem.
653 2427 750 2489 Salvis
775 2429 810 2487 in
835 2430 971 2489 omnibus
997 2428 1049 2489 dcc.
1095 2430 1135 2489 Et
1161 2434 1195 2489 ut
1221 2430 1275 2489 hec
1301 2434 1400 2488 nostra

300 2509 445 2572 concessio
464 2514 633 2587 perpetuam
653 2509 784 2569 obtineat
803 2508 969 2570 firmitatem
990 2511 1118 2587 presenti
1140 2510 1247 2588 scripto
1270 2510 1398 2587 sigillum

299 2597 432 2652 noenum
459 2610 519 2651 una
545 2610 613 2649 cum
639 2590 735 2665 sigillo
763 2590 893 2668 Capituli
919 2590 1002 2651 Linc'
1021 2591 1159 2651 dommus
1185 2590 1400 2668 apponendum.

300 2673 369 2733 Hiis
381 2672 517 2732 Testibus
538 2670 574 2732 R
590 2672 718 2746 Decano,
733 2672 868 2733 Galirido
888 2671 1068 2746 Precentore,
1083 2672 1195 2750 Rogero
1211 2672 1397 2746 cancellario,

302 2752 1398 2831 RegiualdoSubdecano‚R0b.deNorthemptcn‚Reimund01eirc’‚Alcx.

301 2834 455 2906 Bedeford‚
464 2835 485 2894 J
486 2835 601 2893 ohanne
612 2833 715 2906 Oxon‘,
724 2833 886 2893 Willieimo
897 2833 997 2908 Buck¹,
1006 2840 1036 2894 et
1046 2832 1119 2908 aliis,
1129 2839 1164 2893 ut
1178 2853 1264 2912 supra
1276 2836 1309 2893 in
1323 2838 1402 2895 carta

300 2916 388 2992 xiiij·.
431 2916 500 2975 Dat’
514 2933 566 2992 per
578 2934 681 2975 manus
701 2914 857 2974 Williclrni
876 2914 1082 2975 Archidieconi
1102 2916 1200 2976 Stowe
1217 2916 1250 2975 in
1264 2915 1401 2994 Capitulo

301 2994 383 3055 Iinc’
393 2996 473 3075 apud
486 2994 671 3055 Lincolniam
683 3015 704 3057 v
713 2995 770 3057 kat
785 2996 808 3055 J
809 2997 921 3056 asueni
932 2996 1119 3075 pontificatus
1131 2997 1224 3057 nostri
1236 3016 1313 3057 auno
1325 2998 1378 3059 ix⁰.

321 3170 551 3297 'AENEAS
570 3158 682 3218 cedetis
704 3157 738 3218 de
759 3158 866 3219 Studes.
912 3158 1069 3220 Ordioacio
1095 3159 1215 3221 alarius
1241 3159 1404 3221 medietatis
1500 3205 1504 3215 ,

300 3258 325 3313 o
381 3256 434 3297 em.
1303 3268 1309 3279 ·

362 3318 517 3379 Universis
529 3317 582 3379 dre.
624 3319 749 3380 Noverit
758 3320 933 3381 universitas
942 3326 1038 3381 vestre
1050 3339 1104 3381 nce
1114 3321 1151 3382 de
1164 3340 1282 3381 mensu
1297 3322 1404 3400 Rogeri

302 3400 416 3460 Deceni
438 3405 469 3459 et
491 3399 613 3477 capituli
632 3402 725 3461 ncetri
747 3400 829 3461 Line'
851 3402 951 3461 divine
971 3403 1088 3481 pietatis
1107 3402 1219 3463 intuitu
1239 3404 1352 3463 dedisse
1372 3407 1402 3465 et

303 3480 476 3541 concessisse
500 3480 594 3541 Priori
616 3486 647 3541 et
669 3484 829 3543 conventui
856 3483 892 3542 de
919 3484 1105 3545 Huntindon'
1125 3484 1244 3545 nomine
1270 3486 1403 3563 perpetui

301 3561 436 3623 benefidi
444 3562 627 3622 medietatem
638 3564 803 3623 ecclssiede
814 3564 986 3641 Stokcsquc
997 3565 1142 3627 decorum
1152 3571 1197 3626 est
1208 3566 1399 3627 advocacione

302 3644 336 3703 in
368 3643 500 3719 proprios
533 3662 603 3703 usus
635 3644 850 3722 imperpetuum
883 3646 1096 3723 possidendam.
1147 3648 1302 3725 Reliquam
1334 3666 1402 3708 vero

303 3723 489 3783 medietatem
507 3724 588 3784 illius
607 3725 726 3785 ecclesie
745 3726 887 3786 Ricardus
906 3727 1072 3804 capellanus
1092 3748 1179 3806 quem
1199 3729 1237 3794 ad
1261 3734 1404 3807 presenta-

302 3806 416 3865 cionem
429 3824 529 3864 eorum
542 3806 579 3864 ad
592 3806 685 3882 ipsum
698 3806 869 3866 admisimus
882 3812 912 3867 et
925 3809 958 3868 in
969 3828 1003 3869 ea
1015 3828 1167 3887 personam
1179 3811 1360 3871 instituimus
1374 3815 1404 3870 et

304 3904 480 3946 successores
498 3886 545 3945 sui
564 3888 616 3963 qui
629 3887 663 3946 iu
675 3887 776 3947 eadem
789 3889 908 3949 ecclesia
920 3890 953 3949 iu
970 3891 1093 3968 propriis
1112 3894 1242 3969 personis
1262 3893 1405 3951 ministre-

302 3968 380 4027 bunt
398 3967 484 4027 nobis
504 3972 534 4026 et
553 3968 764 4028 successoribus
783 3970 890 4041 nostris
911 3992 929 4029 a
950 3972 1079 4048 predicto
1102 3975 1196 4050 priore
1215 3978 1244 4033 et
1257 3978 1405 4033 conventu

305 4049 444 4126 quociens
458 4048 522 4126 ipsa
541 4050 681 4108 medietas
701 4052 846 4111 vacaverit
865 4052 999 4112 similiter
1019 4056 1204 4131 presentandi
1220 4060 1249 4115 et
1269 4056 1406 4115 canonice

303 4130 480 4189 instituendi
492 4130 602 4207 integre
615 4136 646 4189 et
665 4136 805 4208 perpetuo
824 4133 1023 4209 possidebunt.
1065 4136 1191 4196 Particio
1210 4142 1308 4196 autem
1328 4137 1407 4195 dicte

305 4211 424 4272 ecclesie
437 4210 493 4270 snb
505 4211 559 4270 tali
571 4212 664 4272 forma
676 4212 752 4273 fecta
765 4218 827 4273 est:
849 4214 960 4275 scilicet
975 4216 1055 4293 quod
1071 4236 1192 4294 persone
1207 4218 1407 4277 ministrantes

304 4293 338 4352 in
351 4290 452 4352 eedem
464 4293 625 4370 percipient
638 4298 733 4353 totum
745 4294 917 4373 altsragmm
936 4316 1003 4372 cum
1020 4298 1143 4358 minutis
1156 4299 1275 4359 decimis
1289 4304 1319 4359 et
1339 4316 1406 4359 cum
