3192 5367
588 590 746 645 11111111
768 588 892 643 1111111.
1254 576 1295 642 93

191 738 365 817 episcopalia
371 757 459 816 quam
466 737 708 799 archidiaconalia
718 738 913 799 sustinebunt.
950 737 1046 799 Salvis
1055 738 1088 799 in
1096 740 1232 803 omnibus
1243 741 1294 804 dra.

191 820 232 881 Et
241 826 277 879 ut
289 820 344 880 hec
356 824 456 880 nostra
468 820 613 880 concessio
624 818 677 879 &a
711 820 847 879 Testibus
858 819 909 880 dac.
922 823 957 879 ut
970 838 1056 897 supra
1067 826 1145 881 carta
1154 824 1293 897 proxima

191 902 261 961 Dat'
274 920 442 977 parmenus
455 901 503 962 W.
520 902 557 960 de
571 900 690 960 Tornac'
703 899 912 961 Archidiaooni
934 900 1032 961 Stovve
1052 901 1131 979 apud
1144 902 1226 963 Linc’
1240 902 1292 965 vl0.

191 982 238 1043 Id.
253 982 402 1059 Februarij
417 982 605 1067 pontificatus
619 982 713 1041 nostri
726 1001 804 1042 anno
819 990 862 1043 1⁰.

670 1142 734 1225 [1ο.
751 1140 824 1224 aaa}

254 1262 464 1318 οΒοΙΝΑοΙο
483 1249 594 1309 ausu
607 1250 771 1324 dodeford
784 1254 812 1308 et
824 1248 932 1308 11111111
946 1248 1079 1324 ejusdcm.

255 1330 401 1391 Omnibus
428 1331 475 1396 11.
518 1330 644 1390 Noverit
677 1330 850 1390 universitas
884 1333 980 1389 vestra
1007 1330 1086 1407 quod
1113 1330 1237 1391 dilectus
1263 1333 1296 1393 in

192 1411 312 1474 Christo
326 1411 405 1470 filius
425 1407 565 1489 Magister
585 1412 655 1488 Reg.
678 1412 716 1470 de
735 1410 848 1472 Castris
867 1415 939 1470 tunc
954 1410 1094 1472 Officialis
1108 1416 1205 1471 noster
1225 1412 1296 1473 dum

192 1510 320 1553 essemus
347 1493 380 1551 in
406 1492 539 1570 partibus
566 1493 765 1552 transmarinis
791 1492 963 1552 auctoritate
991 1492 1018 1551 si
1037 1490 1123 1552 nobis
1146 1495 1297 1555 commissa

109 1584 113 1589 ’
192 1572 350 1634 ordinandi
376 1577 406 1632 et
432 1574 627 1650 provisionem
654 1572 780 1632 faciendi
808 1591 893 1649 super
919 1573 1038 1633 ecclesia
1064 1574 1102 1633 de
1123 1573 1239 1635 Auford
1266 1581 1296 1636 ct

193 1654 304 1732 capella
317 1654 354 1713 dc
369 1654 502 1732 Riggeby
515 1655 604 1714 talem
618 1654 683 1713 vice
696 1659 795 1713 nostra
811 1654 881 1712 fecit
898 1654 1112 1715 ordinacionem
1125 1675 1133 1714 τ
1160 1656 1296 1717 videlicet

193 1739 272 1813 quod
295 1736 421 1795 vicarius
444 1739 601 1813 perpetuus
625 1736 658 1793 in
681 1734 790 1794 eisdem
814 1735 933 1794 ecclesia
955 1739 985 1794 et
998 1736 1107 1812 capella
1120 1738 1296 1797 constitutus

191 1816 313 1875 babebit
339 1821 431 1875 totam
458 1821 563 1875 terram
590 1816 707 1875 ecclesie
731 1821 760 1875 et
780 1816 889 1892 capelle
912 1834 979 1875 cum
1008 1817 1099 1893 pratis
1123 1816 1236 1893 pascuis
1266 1825 1296 1879 et

192 1898 330 1957 turbariis
353 1902 383 1956 et
408 1898 544 1956 omnibus
564 1896 630 1956 aliis
650 1897 837 1974 pertinenciis
857 1896 917 1955 suis
931 1901 960 1955 et
977 1896 1162 1957 libertatibus
1176 1904 1296 1977 excepta

193 1979 349 2037 medietate
362 1979 457 2037 mansi
470 1978 549 2055 apud
562 1977 686 2037 Auford'
699 1996 787 2055 quam
801 1978 932 2037 canonici
945 1978 1099 2055 hospitalis
1119 1984 1201 2039 extra
1214 1980 1296 2041 Liuc'

193 2060 346 2119 habebunt
368 2058 407 2117 ad
431 2059 564 2119 facienda
576 2059 687 2119 ibidem
714 2078 793 2117 orrea
816 2078 868 2118 sua
892 2058 929 2117 ad
955 2060 1154 2136 reponendum
1172 2060 1296 2129 decimas

193 2140 345 2218 garbarum
378 2139 417 2199 ad
449 2140 575 2217 prefatas
608 2140 757 2199 1111111111
790 2144 820 2199 11
854 2139 994 2217 capellam
1027 2141 1205 2218 pertinentes
1240 2162 1296 2221 que

193 2221 394 2281 conceduntur
416 2222 458 2280 eis
483 2222 596 2297 integre
618 2222 652 2280 in
671 2218 802 2299 proprios
825 2240 895 2279 usus
923 2222 1122 2282 convertendo.
1166 2222 1296 2285 Habebit

193 2304 285 2363 eciam
311 2302 390 2360 idem
413 2302 538 2361 vicarius
561 2302 699 2379 altaragia
722 2307 783 2361 tam
808 2301 925 2361 ecclesie
951 2320 1037 2378 quam
1059 2303 1167 2381 capelle
1187 2306 1296 2367 scilicet

194 2384 358 2443 oblaciones
371 2379 530 2459 proventus
543 2388 573 2443 ct
584 2383 776 2442 obvenciones
791 2402 892 2441 omnes
905 2390 1000 2459 preter
1010 2383 1134 2443 decimas
1144 2386 1295 2461 garbarum

194 2469 229 2524 ut
255 2464 418 2542 predictum
444 2469 497 2524 cst.
538 2464 579 2523 Et
604 2464 638 2523 in
664 2465 779 2541 propria
804 2483 926 2541 persona
949 2463 1036 2523 facist
1059 2466 1092 2524 in
1117 2466 1235 2525 ecclesia
1259 2468 1295 2527 de

194 2546 309 2605 Auford
321 2545 510 2604 residenciam
520 2550 550 2605 et
562 2546 596 2604 in
609 2545 709 2604 ordine
720 2544 890 2603 sacerdotali
899 2545 1086 2618 ministrabit,
1097 2552 1126 2605 et
1141 2546 1173 2605 in
1187 2549 1296 2625 capella

194 2626 231 2686 de
245 2626 378 2703 Riggeby
401 2626 566 2703 paralium
591 2626 771 2703 capellanum
796 2626 934 2685 idoneum
958 2626 1010 2703 qui
1031 2646 1141 2686 moram
1154 2628 1197 2686 ibi
1210 2630 1297 2689 faciet

194 2711 391 2785 competenter
412 2707 499 2767 faciet
522 2707 700 2782 ministrari3
723 2708 821 2766 emnia
836 2726 922 2765 onera
936 2711 1073 2767 consueta
1098 2712 1127 2767 11
1152 2710 1297 2771 ordinarie

194 2788 359 2848 sustinebit.
402 2786 449 2848 Ob
463 2788 542 2865 quod
554 2789 587 2847 in
600 2788 743 2847 auxilium
758 2788 857 2847 decem
867 2788 974 2847 solidos
988 2808 1005 2847 a
1018 2788 1137 2865 prefatis
1151 2791 1296 2851 canonicis

195 2870 303 2929 scilicet
317 2868 355 2928 ad
367 2868 505 2946 pascham
518 2870 648 2947 quinque
661 2868 713 2928 sol'
727 2873 756 2928 11
769 2868 807 2928 ad
826 2869 935 2928 festum
949 2869 979 2931 S.
996 2870 1149 2929 Michaelis
1163 2873 1294 2949 quinque

194 2951 303 3010 solidos
316 2950 456 3028 percipiet
464 2951 623 3009 annuatim.
660 2950 754 3010 Juxta
766 2968 854 3027 qnam
861 2950 1057 3027 provisionem
1067 2951 1146 3011 idem
1157 2951 1297 3013 Officialis

195 3031 594 3108 nosteradpresentacionem
602 3031 711 3091 Prioria
720 3036 750 3090 11
758 3032 903 3091 dictorum
911 3032 1114 3091 canonicorum
1123 3033 1296 3111 Magistrum

194 3113 361 3172 iohannem
376 3111 417 3171 fil'
430 3112 551 3171 Gurmd'
573 3113 707 3171 clericum
727 3112 764 3172 ad
784 3110 944 3191 predictam
965 3113 1101 3173 vicariam
1122 3114 1239 3175 ecclesie
1259 3116 1296 3176 de

194 3193 318 3253 Auford'
328 3198 358 3253 et
370 3192 479 3271 capelle
492 3192 529 3253 de
539 3193 671 3271 Riggeby
680 3194 808 3266 admisit,
822 3194 976 3270 ipsumque
989 3196 1021 3253 in
1035 3194 1143 3254 eisdem
1156 3196 1295 3257 vicarium

194 3280 367 3352 perpetuum
375 3274 514 3349 instituit,
524 3274 617 3333 dictos
624 3293 740 3351 quoque
748 3274 879 3333 Priorem
887 3280 916 3334 et
925 3276 1076 3334 canonicos
1085 3277 1122 3335 ad
1129 3279 1296 3353 porcionem

195 3375 252 3433 que
265 3356 344 3433 ipsos
356 3356 432 3414 sicut
443 3355 478 3414 in
491 3356 675 3415 ordinacione
689 3356 861 3434 premissum
874 3359 919 3415 est
929 3356 1051 3433 contigit
1064 3357 1189 3418 admisit.
1231 3358 1263 3419 N
1264 3379 1296 3420 os

195 3437 285 3513 igitur
304 3436 463 3513 predictam
485 3437 680 3513 provisionem
705 3442 735 3496 et
748 3437 972 3497 »ordinacionem
998 3438 1147 3515 aprefeto
1172 3438 1296 3500 Officiali

195 3523 296 3576 nostro
309 3518 417 3576 factam
429 3521 522 3576 ratam
534 3517 675 3577 habentes
696 3522 726 3577 st
744 3521 864 3595 gratam,
879 3536 942 3576 eam
957 3519 1127 3579 auctoritate
1141 3521 1296 3598 episcopali

196 3600 405 3657 confirmamus
449 3598 546 3659 Salvis
565 3599 598 3657 in
618 3600 755 3658 omnibus
775 3599 986 3675 episcopalibus
1006 3599 1058 3660 dac.
1100 3601 1140 3659 Et
1153 3602 1186 3660 in
1206 3602 1296 3678 hujus

196 3680 238 3737 rei
261 3679 460 3738 testimonium
480 3681 608 3756 presenti
631 3684 709 3739 carte
729 3680 858 3757 sigillum
876 3684 1008 3741 nostrum
1028 3700 1087 3740 una
1110 3700 1177 3743 1111
1199 3682 1295 3759 sigillo

197 3760 328 3837 Capituli
343 3761 436 3820 nostri
449 3760 530 3819 Linc’
551 3760 690 3821 duximus
709 3760 922 3839 apponendum.
965 3761 1101 3821 Testibus
1117 3768 1151 3822 ut
1164 3782 1250 3841 supra
1263 3765 1296 3823 in

196 3842 289 3919 prima
302 3845 381 3901 carta
393 3842 465 3900 anni
487 3840 601 3914 decimi,
621 3842 763 3919 appositis
782 3841 831 3901 hic
855 3841 948 3901 Reim’
972 3842 1173 3903 archidiacono
1194 3844 1294 3918 Isirc',

195 3922 232 3984 R.
247 3922 284 3982 de
297 3922 409 3995 Hulm',
423 3922 459 3981 R.
475 3922 512 3980 de
525 3922 690 3995 Lindvrud',
706 3923 753 3983 W.
769 3920 875 3982 Bln’do
889 3927 919 3982 et
932 3923 1073 3998 Magistro
1087 3924 1136 3984 W.
1153 3924 1189 3985 ds
1202 3924 1292 3986 Lino'.

195 4004 265 4063 Dat'
277 4022 330 4081 per
342 4022 446 4063 manus
455 4002 505 4063 W.
522 4003 559 4063 da
572 4004 690 4063 Tornac'
703 4004 899 4063 archidiaconi
913 4003 1009 4063 Stowa
1022 4005 1054 4064 iu
1068 4004 1204 4083 Capitnlo
1212 4004 1295 4067 Linc'

195 4084 274 4162 apud
286 4083 420 4145 Lincoln'
432 4084 502 4161 xiij0
514 4084 572 4145 kal
588 4085 690 4162 Marcij
704 4084 891 4163 pontificatus
904 4086 997 4145 nostri
1010 4104 1086 4146 anno
1100 4095 1139 4147 x0.

256 4241 477 4297 ΑὓνΟΟΑΟΙΟ
491 4242 539 4295 DE
552 4242 832 4298 MESSEWORDH'.

257 4308 402 4370 Omnibus
415 4310 462 4368 111.
504 4308 604 4383 Quum
616 4312 666 4387 pia
677 4311 755 4370 facta
766 4308 898 4369 fidelium
911 4307 999 4387 digno
1013 4314 1082 4371 suut
1095 4308 1294 4387 prosequenda

196 4392 302 4465 favore,
319 4390 468 4451 Noveritis
480 4408 535 4449 nos
548 4392 734 4453 collacionem
749 4384 850 4451 dilecti
858 4388 913 4449 filii
926 4390 1063 4452 Turstani
1076 4392 1178 4451 Bassos
1191 4390 1294 4451 militis
