3192 5367
297 502 338 567 10
682 514 787 569 111de
806 512 983 578 rumonus

355 672 570 733 (ιιιΑυΜΕΙιεἸ
596 661 713 723 Vicaria
725 663 758 723 in
771 661 890 723 emisam
908 660 946 721 de
958 660 1110 722 Cranmera
1122 678 1180 739 qua
1192 664 1237 721 est
1248 660 1391 721 dictarum

296 748 436 809 Priorisse
462 750 493 806 et
518 743 689 805 Conventus
715 743 752 803 de
779 742 889 820 Caring
914 742 1085 802 auctoritate
1118 742 1234 802 concilii
1260 742 1392 804 ordinata

296 828 429 891 consistit
441 826 473 887 in
487 830 550 887 toto
560 824 696 902 altaregio
709 829 740 884 et
751 824 785 885 in
805 824 924 884 decimis
943 823 1041 883 decem
1061 841 1190 883 acrarum
1202 841 1270 882 cum
1281 841 1390 883 menso.

296 910 386 973 Salva
410 907 593 968 ordinacione
616 906 729 966 domini
750 905 889 983 Episcopi
910 923 996 983 super
1018 903 1118 964 eadem
1140 904 1174 963 in
1196 909 1343 982 posterum
1365 906 1392 964 si

295 989 456 1051 seeundum
464 988 617 1049 facultates
630 986 722 1065 ipsius
732 984 1175 1064 ecclesiefnerituugrnentanda
1210 984 1393 1045 Etaimillter

295 1072 333 1133 de
346 1070 482 1132 oneribus
494 1073 525 1131 et
537 1068 644 1129 sufficit
656 1067 700 1128 ibi
712 1086 789 1127 unus
803 1066 976 1145 capellanus

354 1239 612 1296 waratudvou.
638 1227 757 1289 Vicetia
779 1228 814 1289 in
836 1228 956 1289 ecclesia
977 1225 1015 1289 de
1036 1227 1246 1305 Wathlington
1266 1245 1325 1306 que
1348 1232 1393 1287 est

295 1312 422 1375 Abbatis
439 1318 470 1373 st
483 1312 654 1375 Conventus
667 1308 737 1371 Osn’
750 1310 921 1371 auctoritate
941 1310 1057 1369 concilii
1069 1310 1202 1370 ordinate
1215 1310 1347 1369 consistit
1359 1310 1392 1369 in

295 1393 432 1455 omnibus
445 1398 476 1455 et
488 1410 540 1471 per
552 1392 651 1453 omnia
662 1395 697 1452 ut
715 1410 803 1471 supra
821 1391 923 1453 eodem
935 1389 1181 1452 Arehidiaconetu
1193 1391 1227 1453 in
1238 1390 1390 1469 principio.

356 1564 511 1620 ΡΙιιΙΤΟΝ.
537 1553 655 1615 Vicaria
673 1554 707 1613 in
726 1552 846 1615 ecclesia
864 1552 901 1613 de
920 1552 1043 1627 Piriton‚
1057 1552 1209 1613 Prioriset
1223 1550 1393 1614 Conventus

296 1636 334 1698 ds
360 1634 506 1711 Northon,
535 1636 706 1697 anctoritate
739 1634 856 1697 concilii
888 1634 1022 1694 ordinate
1044 1634 1179 1695 comistit
1204 1634 1237 1693 in
1257 1634 1393 1693 omnibus

295 1716 523 1779 obvencionibus
535 1716 633 1777 altaris
646 1717 704 1777 et
695 1736 728 1775 ιιι
748 1716 884 1777 omnibus
902 1715 1025 1775 minutis
1044 1715 1164 1775 decimis
1182 1714 1314 1791 ejusdem
1322 1715 1393 1774 ville

295 1803 391 1877 preter
412 1798 554 1857 decimam
576 1796 729 1876 garbarum
755 1796 912 1874 curtillagii
937 1815 1005 1856 curn
1030 1800 1076 1856 tot
1098 1795 1219 1874 garbe
1208 1815 1242 1856 m
1265 1795 1393 1856 manerio

295 1879 447 1939 extiterint
459 1877 539 1955 quod
552 1877 663 1938 decima
671 1877 759 1955 garba
768 1878 839 1937 inde
847 1878 940 1955 pomit
948 1878 1101 1954 provenire
1113 1896 1170 1955 qne
1183 1876 1295 1937 decima
1307 1878 1394 1955 gerbe

294 1960 333 2020 ad
352 1959 496 2037 predictos
514 1958 640 2036 priorem
662 1962 693 2017 et
715 1964 892 2019 conventum
914 1958 1080 2035 pertinebit
1121 1957 1210 2053 Quod
1233 1959 1258 2017 ιι
1277 1962 1395 2035 propter

295 2039 471 2119 paucitatem
482 2038 635 2116 garbarum
647 2037 759 2099 decima
771 2038 859 2117 garba
871 2057 933 2099 non
944 2040 1109 2116 provenerit
1121 2040 1245 2099 vicarius
1254 2040 1394 2116 percipiet

294 2120 437 2181 decimam
446 2119 515 2180 inde
525 2120 750 2197 provenientem.
793 2120 924 2181 Habebit
933 2121 1022 2180 etiarn
1031 2121 1155 2181 vicarius
1162 2121 1281 2180 nomine
1288 2120 1394 2179 vicarie

295 2220 347 2262 sue
360 2218 460 2261 omnes
479 2200 606 2261 decimas
625 2202 713 2262 unius
732 2200 844 2279 virgata
862 2204 938 2261 terre
956 2206 987 2260 et
1006 2201 1128 2261 dimidie
1146 2202 1180 2260 in
1192 2201 1307 2261 Piriton
1321 2220 1394 2278 ques

295 2282 318 2343 J
318 2282 447 2343 ohannes
460 2282 538 2343 filius
553 2282 681 2343 Simonis
695 2287 724 2343 et
737 2282 916 2361 Reginaldus
928 2281 1007 2342 filius
1017 2281 1121 2361 Codig'
1135 2287 1238 2343 tenent
1251 2287 1281 2341 et
1294 2300 1394 2341 omnes
1467 2329 1471 2333 .
1507 2297 1517 2314 ’

296 2363 422 2424 decimae
434 2363 525 2423 trium
537 2362 714 2441 virgaturum
727 2368 757 2425 et
777 2363 898 2424 dimidie
916 2364 950 2422 in
963 2362 1063 2423 eedem
1076 2364 1148 2424 ville
1160 2382 1232 2442 quas
1246 2363 1395 2423 Walterue

296 2444 336 2504 fil'
350 2443 473 2521 Syvard
486 2448 516 2505 et
529 2442 672 2507 Ricardus
690 2444 731 2504 fil’
744 2444 819 2505 Alie·
833 2449 865 2505 et
884 2443 1025 2505 Ricardus
1038 2444 1174 2505 Franceis
1187 2448 1217 2503 et
1231 2443 1393 2504 Bennbeld’

296 2526 372 2585 Brut
384 2529 486 2585 tenent
499 2529 529 2585 et
546 2524 635 2585 unam
648 2525 801 2586 dimidiam
813 2526 955 2604 virgatam
967 2529 1042 2585 terre
1051 2544 1119 2585 cum
1128 2524 1265 2585 omnibus
1275 2524 1394 2585 decimis

296 2605 427 2683 ejusdem
446 2611 477 2666 et
496 2609 578 2683 preto
599 2606 748 2684 adjacente
768 2626 855 2685 quam
875 2606 987 2667 Editha
1004 2606 1095 2667 vidua
1114 2611 1196 2667 tenet
1215 2606 1248 2666 in
1266 2606 1339 2665 vdie
1357 2606 1395 2665 de

296 2686 419 2749 Piriton.
461 2686 550 2749 Salva
572 2688 630 2765 ipsi
652 2688 686 2748 E
711 2688 891 2766 possessione
913 2704 966 2746 sua
987 2705 1047 2763 quo
1069 2687 1223 2748 advixerit.
1264 2686 1395 2747 Habebit

296 2768 388 2829 eciem
407 2786 508 2829 omnes
527 2768 720 2829 obventiones
733 2774 763 2829 et
776 2768 902 2830 decimas
921 2773 982 2827 tem
1001 2768 1153 2845 garbarum
1172 2786 1260 2845 quem
1273 2768 1395 2828 aliarum

296 2868 392 2911 rernm
402 2849 533 2910 omnium
542 2850 622 2927 apud
632 2848 779 2910 Stemdeli
785 2869 853 2911 cum
865 2870 924 2911 una
937 2848 1060 2909 dimidia
1068 2850 1180 2927 virgata
1189 2854 1264 2909 terre
1273 2854 1303 2909 et
1312 2854 1395 2927 preto
1504 2866 1508 2871 ’

297 2928 468 3007 adjacente
458 2950 492 2991 ιιι
505 2930 605 2991 eedem
617 2930 696 2991 villa
739 2930 817 2991 Item
829 2932 950 2992 habebit
967 2929 1027 2989 duo
1039 2931 1199 3009 messuagia
1210 2949 1303 2990 unum
1317 2929 1396 3008 apud

296 3010 413 3071 Piriton
434 3016 465 3073 et
491 3010 572 3072 aliud
598 3012 678 3089 apud
691 3010 838 3073 Stamdelf
861 3012 970 3072 vicario
992 3014 1144 3090 esngnata
1195 3010 1304 3072 Omnes
1326 3030 1395 3071 vero

296 3092 440 3169 predictas
459 3096 548 3152 terres
568 3097 597 3153 et
617 3091 744 3152 decimes
752 3089 891 3185 predicti
902 3093 987 3153 Prior
1008 3099 1038 3154 et
1051 3092 1221 3155 Canonici
1211 3093 1270 3170 ipsi
1288 3091 1395 3153 vicario

297 3173 527 3233 varantirabunt
545 3174 654 3250 etipse
672 3173 797 3233 vicarius
817 3173 955 3234 officiabit
974 3192 1027 3251 per
1044 3194 1076 3235 ss
1095 3179 1125 3234 st
1144 3192 1196 3252 per
1215 3172 1395 3251 capellanum

297 3254 408 3313 socium
437 3254 585 3317 ecclesiam
616 3253 654 3313 de
679 3253 794 3315 Purton
825 3259 856 3315 et
884 3256 1024 3333 capellum
1043 3256 1082 3316 de
1101 3254 1246 3317 Stamdali
1273 3253 1396 3331 singulis
1498 3248 1503 3253 ’

298 3333 402 3394 diebus
415 3338 445 3395 et
458 3336 555 3394 omnia
568 3353 654 3395 onere
666 3336 861 3414 episcopalia
850 3354 978 3417 ipsarum
991 3335 1110 3397 ecclesie
1129 3340 1159 3395 et
1175 3335 1284 3414 capelle
1297 3334 1396 3395 debita

297 3417 329 3474 et
348 3418 485 3475 consueta
503 3415 660 3476 sustinebit
679 3421 774 3494 preter
793 3404 957 3496 hospicium
966 3417 1173 3479 Archidiaconi
1192 3416 1272 3496 quod
1290 3416 1419 3496 prefati.

298 3495 382 3557 Prior
395 3501 426 3557 et
434 3496 575 3559 Canonici
588 3497 791 3574 procurabunt.

360 3666 494 3720 ESTON.
520 3656 675 3719 Vicanam
684 3659 846 3721 ecclesmde
853 3660 947 3722 Ιιιιοιι
954 3659 1180 3739 qneestPnone
1188 3663 1219 3720 et
1226 3660 1397 3722 Conventus

299 3737 336 3798 de
351 3736 554 3815 walingeford
572 3740 743 3801 auctoritate
766 3742 883 3801 concilii
904 3743 1038 3803 ordinate
1056 3742 1217 3803 οοιιιιιιιι
1207 3761 1242 3802 ιιι
1261 3741 1397 3802 omnibus

298 3818 527 3880 obvencionibus
540 3819 739 3881 oblacionibus
755 3827 785 3882 et
802 3822 925 3883 minutis
944 3824 1064 3884 decimis
1083 3824 1211 3883 metricis
1230 3822 1348 3882 ecclesie
1360 3820 1398 3881 de

298 3900 392 3961 meon
412 3905 442 3960 et
461 3900 570 3979 capelle
593 3902 630 3961 de
654 3902 909 3963 Stolrenechurche
927 3905 1085 3998 spectantis
1107 3904 1145 3964 ad
1168 3905 1290 3974 eandem
1313 3903 1374 3962 et
1364 3921 1396 3961 ιιι

298 3980 419 4041 decimis
413 3982 583 4075 garbarum
596 3982 675 4043 de
645 3984 699 4062 viij
716 3983 837 4063 virgatis
855 3985 952 4044 terrs'
943 4005 977 4044 m
989 3984 1159 4063 Copinkoth
1172 3985 1252 4045 unde
1264 3984 1398 4061 Angerus

297 4062 408 4122 tenet
298 4063 433 4203 mmmrij
448 4062 573 4143 virgatas
586 4064 718 4125 Andreas
737 4065 810 4126 duas
830 4066 960 4143 Rogerus
979 4066 1052 4127 duas
1077 4071 1108 4126 et
1127 4066 1273 4127 Robertus
1292 4083 1398 4143 pervus

298 4144 501 4219 unem[Fo.
528 4140 595 4239 ιιι]
629 4144 763 4205 Vicarius
796 4151 893 4206 autem
917 4146 1061 4209 deserviet
1086 4148 1199 4207 matrici
1225 4146 1342 4207 ecclesie
1369 4150 1399 4205 et

299 4222 408 4319 capelle
421 4228 451 4283 et
465 4223 559 4285 solvet
572 4224 714 4287 ιιιιοιιιιι
727 4226 778 4286 et'
769 4246 803 4287 ιιι
815 4228 952 4288 omnibus
961 4247 1014 4307 pro
1023 4228 1131 4288 vicena
1141 4248 1193 4288 sue
1202 4226 1396 4307 respondebit

299 4298 384 4365 Prior
396 4323 464 4366 vero
477 4310 508 4365 et
517 4304 688 4367 Conventus
702 4308 898 4385 procurabunt
910 4308 1074 4387 hospicium
1084 4308 1299 4370 Archidieconi
1302 4312 1332 4369 et
1344 4326 1398 4387 pro

301 4404 353 4447 sua
365 4386 500 4464 porcione
512 4392 599 4465 prout
611 4388 688 4448 racio
700 4388 892 4467 postulaverit
910 4389 1114 4469 providebunt
