<?xml version="1.0" encoding="UTF-8"?>
<!DOCTYPE html PUBLIC "-//W3C//DTD XHTML 1.0 Transitional//EN"
    "http://www.w3.org/TR/xhtml1/DTD/xhtml1-transitional.dtd">
<html xmlns="http://www.w3.org/1999/xhtml" xml:lang="en" lang="en">
 <head>
  <title>
</title>
<meta http-equiv="Content-Type" content="text/html;charset=utf-8" />
  <meta name='ocr-system' content='tesseract 3.04.00' />
  <meta name='ocr-capabilities' content='ocr_page ocr_carea ocr_par ocr_line ocrx_word'/>
</head>
<body>
  <div class='ocr_page' id='page_1' title='image "./liberantiquusde00wgoog_0078.png"; bbox 0 0 3192 5367; ppageno 0'>
   <div class='ocr_carea' id='block_1_1' title="bbox 299 516 989 598">
    <p class='ocr_par' dir='ltr' id='par_1_1' title="bbox 299 516 989 598">
     <span class='ocr_line' id='line_1_1' title="bbox 299 516 989 598; baseline 0.009 -17"><span class='ocrx_word' id='word_1_1' title='bbox 299 516 341 581; x_wconf 73' lang='lat'><strong>64</strong></span> <span class='ocrx_word' id='word_1_2' title='bbox 685 532 790 589; x_wconf 76' lang='lat' dir='ltr'><strong>usus</strong></span> <span class='ocrx_word' id='word_1_3' title='bbox 812 532 989 598; x_wconf 67' lang='lat' dir='ltr'><strong>sumanus</strong></span> 
     </span>
    </p>
   </div>
   <div class='ocr_carea' id='block_1_2' title="bbox 294 678 1398 1328">
    <p class='ocr_par' dir='ltr' id='par_1_2' title="bbox 294 678 1398 1328">
     <span class='ocr_line' id='line_1_2' title="bbox 358 678 1398 763; baseline -0.004 -13"><span class='ocrx_word' id='word_1_4' title='bbox 358 695 475 750; x_wconf 77' lang='grc' dir='ltr'><strong>ΜΕΟΙΑ</strong></span> <span class='ocrx_word' id='word_1_5' title='bbox 513 694 633 749; x_wconf 67' lang='lat' dir='ltr'><strong>mtto</strong></span> <span class='ocrx_word' id='word_1_6' title='bbox 677 678 806 763; x_wconf 77' lang='lat' dir='ltr'><strong>[Mc&#39;ddle</strong></span> <span class='ocrx_word' id='word_1_7' title='bbox 839 682 936 743; x_wconf 70' lang='lat' dir='ltr'><strong>naon</strong></span> <span class='ocrx_word' id='word_1_8' title='bbox 971 682 1149 759; x_wconf 61' lang='lat' dir='ltr'><strong>supreme}</strong></span> <span class='ocrx_word' id='word_1_9' title='bbox 1211 683 1331 745; x_wconf 89' lang='lat' dir='ltr'><strong>Vioaria</strong></span> <span class='ocrx_word' id='word_1_10' title='bbox 1363 687 1398 747; x_wconf 90' lang='lat' dir='ltr'><strong>in</strong></span> 
     </span>
     <span class='ocr_line' id='line_1_3' title="bbox 295 760 1396 843; baseline 0.002 -18"><span class='ocrx_word' id='word_1_11' title='bbox 295 764 415 825; x_wconf 85' lang='lat' dir='ltr'><strong>ccclesia</strong></span> <span class='ocrx_word' id='word_1_12' title='bbox 427 762 464 821; x_wconf 90' lang='lat' dir='ltr'><strong>de</strong></span> <span class='ocrx_word' id='word_1_13' title='bbox 477 760 578 821; x_wconf 84' lang='lat' dir='ltr'><strong>Media</strong></span> <span class='ocrx_word' id='word_1_14' title='bbox 590 761 688 822; x_wconf 84' lang='lat' dir='ltr'><strong>Rasna</strong></span> <span class='ocrx_word' id='word_1_15' title='bbox 700 768 811 841; x_wconf 87' lang='lat' dir='ltr'><strong>quaest</strong></span> <span class='ocrx_word' id='word_1_16' title='bbox 821 764 978 823; x_wconf 86' lang='lat' dir='ltr'><strong>sorundsm</strong></span> <span class='ocrx_word' id='word_1_17' title='bbox 988 764 1121 825; x_wconf 74' lang='lat' dir='ltr'><strong>consistit</strong></span> <span class='ocrx_word' id='word_1_18' title='bbox 1130 765 1163 823; x_wconf 93' lang='lat' dir='ltr'><strong>in</strong></span> <span class='ocrx_word' id='word_1_19' title='bbox 1175 768 1237 825; x_wconf 88' lang='lat' dir='ltr'><strong>toto</strong></span> <span class='ocrx_word' id='word_1_20' title='bbox 1247 766 1396 843; x_wconf 78' lang='lat' dir='ltr'><strong>altaragic,</strong></span> 
     </span>
     <span class='ocr_line' id='line_1_4' title="bbox 295 843 1397 922; baseline 0.003 -17"><span class='ocrx_word' id='word_1_21' title='bbox 295 848 416 922; x_wconf 88' lang='lat' dir='ltr'><strong>excepta</strong></span> <span class='ocrx_word' id='word_1_22' title='bbox 429 843 541 903; x_wconf 86' lang='lat' dir='ltr'><strong>decima</strong></span> <span class='ocrx_word' id='word_1_23' title='bbox 553 861 693 919; x_wconf 79' lang='lat' dir='ltr'><strong>agnorum</strong></span> <span class='ocrx_word' id='word_1_24' title='bbox 717 849 747 904; x_wconf 88' lang='lat' dir='ltr'><strong>ot</strong></span> <span class='ocrx_word' id='word_1_25' title='bbox 769 845 844 904; x_wconf 89' lang='lat' dir='ltr'><strong>lane.</strong></span> <span class='ocrx_word' id='word_1_26' title='bbox 887 845 1018 905; x_wconf 90' lang='lat' dir='ltr'><strong>Habebit</strong></span> <span class='ocrx_word' id='word_1_27' title='bbox 1038 846 1129 905; x_wconf 89' lang='lat' dir='ltr'><strong>eoiarn</strong></span> <span class='ocrx_word' id='word_1_28' title='bbox 1148 846 1271 906; x_wconf 87' lang='lat' dir='ltr'><strong>vicarius</strong></span> <span class='ocrx_word' id='word_1_29' title='bbox 1284 848 1397 908; x_wconf 83' lang='lat' dir='ltr'><strong>toftum</strong></span> 
     </span>
     <span class='ocr_line' id='line_1_5' title="bbox 294 923 1397 1003; baseline 0.004 -18"><span class='ocrx_word' id='word_1_30' title='bbox 294 924 375 1003; x_wconf 80' lang='lat' dir='ltr'><strong>quod</strong></span> <span class='ocrx_word' id='word_1_31' title='bbox 385 925 444 985; x_wconf 81' lang='lat' dir='ltr'><strong>fuit</strong></span> <span class='ocrx_word' id='word_1_32' title='bbox 453 923 609 983; x_wconf 87' lang='lat' dir='ltr'><strong>Williolmi</strong></span> <span class='ocrx_word' id='word_1_33' title='bbox 618 924 656 984; x_wconf 89' lang='lat' dir='ltr'><strong>de</strong></span> <span class='ocrx_word' id='word_1_34' title='bbox 664 924 815 985; x_wconf 89' lang='lat' dir='ltr'><strong>Wollston</strong></span> <span class='ocrx_word' id='word_1_35' title='bbox 824 944 924 985; x_wconf 82' lang='lat' dir='ltr'><strong>vorsus</strong></span> <span class='ocrx_word' id='word_1_36' title='bbox 935 926 1074 986; x_wconf 75' lang='lat' dir='ltr'>orientem</span> <span class='ocrx_word' id='word_1_37' title='bbox 1084 926 1210 999; x_wconf 88' lang='lat' dir='ltr'><strong>ecclesis,</strong></span> <span class='ocrx_word' id='word_1_38' title='bbox 1222 932 1252 987; x_wconf 91' lang='lat' dir='ltr'><strong>at</strong></span> <span class='ocrx_word' id='word_1_39' title='bbox 1263 928 1397 989; x_wconf 88' lang='lat' dir='ltr'><strong>inveniet</strong></span> 
     </span>
     <span class='ocr_line' id='line_1_6' title="bbox 294 1003 1396 1086; baseline 0.003 -19"><span class='ocrx_word' id='word_1_40' title='bbox 294 1007 353 1067; x_wconf 89' lang='lat' dir='ltr'><strong>sibi</strong></span> <span class='ocrx_word' id='word_1_41' title='bbox 365 1006 501 1066; x_wconf 87' lang='lat' dir='ltr'><strong>clericum</strong></span> <span class='ocrx_word' id='word_1_42' title='bbox 513 1003 661 1078; x_wconf 87' lang='lat' dir='ltr'><strong>idoneum,</strong></span> <span class='ocrx_word' id='word_1_43' title='bbox 675 1006 905 1083; x_wconf 85' lang='lat' dir='ltr'><strong>etrespondebit</strong></span> <span class='ocrx_word' id='word_1_44' title='bbox 924 1006 961 1067; x_wconf 86' lang='lat' dir='ltr'><strong>de</strong></span> <span class='ocrx_word' id='word_1_45' title='bbox 978 1007 1096 1067; x_wconf 90' lang='lat' dir='ltr'><strong>donario</strong></span> <span class='ocrx_word' id='word_1_46' title='bbox 1109 1006 1188 1067; x_wconf 84' lang='lat' dir='ltr'><strong>baeti</strong></span> <span class='ocrx_word' id='word_1_47' title='bbox 1203 1007 1291 1081; x_wconf 89' lang='lat' dir='ltr'><strong>Patri,</strong></span> <span class='ocrx_word' id='word_1_48' title='bbox 1306 1027 1396 1086; x_wconf 88' lang='lat' dir='ltr'><strong>quem</strong></span> 
     </span>
     <span class='ocr_line' id='line_1_7' title="bbox 294 1086 1396 1166; baseline 0.004 -19"><span class='ocrx_word' id='word_1_49' title='bbox 294 1088 373 1147; x_wconf 89' lang='lat' dir='ltr'><strong>idern</strong></span> <span class='ocrx_word' id='word_1_50' title='bbox 396 1086 522 1147; x_wconf 79' lang='lat' dir='ltr'><strong>vicanus</strong></span> <span class='ocrx_word' id='word_1_51' title='bbox 544 1086 678 1163; x_wconf 79' lang='lat' dir='ltr'><strong>colligot3</strong></span> <span class='ocrx_word' id='word_1_52' title='bbox 704 1092 735 1147; x_wconf 89' lang='lat' dir='ltr'><strong>ot</strong></span> <span class='ocrx_word' id='word_1_53' title='bbox 761 1088 820 1164; x_wconf 88' lang='lat' dir='ltr'><strong>ipsi</strong></span> <span class='ocrx_word' id='word_1_54' title='bbox 845 1088 935 1149; x_wconf 86' lang='lat' dir='ltr'><strong>abbas</strong></span> <span class='ocrx_word' id='word_1_55' title='bbox 962 1093 992 1149; x_wconf 88' lang='lat' dir='ltr'><strong>at</strong></span> <span class='ocrx_word' id='word_1_56' title='bbox 1012 1093 1174 1149; x_wconf 86' lang='lat' dir='ltr'><strong>convontus</strong></span> <span class='ocrx_word' id='word_1_57' title='bbox 1200 1091 1396 1166; x_wconf 85' lang='lat' dir='ltr'><strong>procurabunt</strong></span> 
     </span>
     <span class='ocr_line' id='line_1_8' title="bbox 294 1166 1394 1247; baseline 0.003 -19"><span class='ocrx_word' id='word_1_58' title='bbox 294 1167 458 1247; x_wconf 75' lang='lat' dir='ltr'>hospicium</span> <span class='ocrx_word' id='word_1_59' title='bbox 471 1166 686 1243; x_wconf 80' lang='lat' dir='ltr'><strong>Archidiaconi,</strong></span> <span class='ocrx_word' id='word_1_60' title='bbox 700 1173 731 1227; x_wconf 88' lang='lat' dir='ltr'><strong>ot</strong></span> <span class='ocrx_word' id='word_1_61' title='bbox 743 1168 859 1229; x_wconf 85' lang='lat' dir='ltr'><strong>solvont</strong></span> <span class='ocrx_word' id='word_1_62' title='bbox 872 1168 1032 1247; x_wconf 82' lang='lat' dir='ltr'><strong>synodalia,</strong></span> <span class='ocrx_word' id='word_1_63' title='bbox 1043 1176 1073 1230; x_wconf 91' lang='lat' dir='ltr'><strong>st</strong></span> <span class='ocrx_word' id='word_1_64' title='bbox 1086 1170 1184 1229; x_wconf 91' lang='lat' dir='ltr'><strong>omnia</strong></span> <span class='ocrx_word' id='word_1_65' title='bbox 1195 1170 1252 1230; x_wconf 90' lang='lat' dir='ltr'><strong>alia</strong></span> <span class='ocrx_word' id='word_1_66' title='bbox 1265 1190 1351 1231; x_wconf 87' lang='lat' dir='ltr'><strong>onera</strong></span> <span class='ocrx_word' id='word_1_67' title='bbox 1360 1173 1394 1231; x_wconf 89' lang='lat' dir='ltr'><strong>in</strong></span> 
     </span>
     <span class='ocr_line' id='line_1_9' title="bbox 294 1248 1242 1328; baseline 0.003 -20"><span class='ocrx_word' id='word_1_68' title='bbox 294 1254 466 1328; x_wconf 87' lang='lat' dir='ltr'><strong>perpetuum</strong></span> <span class='ocrx_word' id='word_1_69' title='bbox 479 1248 676 1310; x_wconf 77' lang='lat' dir='ltr'><strong>emtinobunt.</strong></span> <span class='ocrx_word' id='word_1_70' title='bbox 715 1248 757 1309; x_wconf 85' lang='lat' dir='ltr'><strong>Et</strong></span> <span class='ocrx_word' id='word_1_71' title='bbox 769 1253 813 1309; x_wconf 86' lang='lat' dir='ltr'><strong>ast</strong></span> <span class='ocrx_word' id='word_1_72' title='bbox 827 1254 898 1310; x_wconf 89' lang='lat' dir='ltr'><strong>tuno</strong></span> <span class='ocrx_word' id='word_1_73' title='bbox 911 1250 1018 1311; x_wconf 75' lang='lat' dir='ltr'><strong>vicena</strong></span> <span class='ocrx_word' id='word_1_74' title='bbox 1029 1250 1063 1311; x_wconf 88' lang='lat' dir='ltr'><strong>lx</strong></span> <span class='ocrx_word' id='word_1_75' title='bbox 1076 1250 1242 1311; x_wconf 85' lang='lat' dir='ltr'><strong>solidorum.</strong></span> 
     </span>
    </p>
   </div>
   <div class='ocr_carea' id='block_1_3' title="bbox 294 1406 1431 1575">
    <p class='ocr_par' dir='ltr' id='par_1_3' title="bbox 294 1406 1431 1575">
     <span class='ocr_line' id='line_1_10' title="bbox 356 1406 1431 1493; baseline -0.006 -13"><span class='ocrx_word' id='word_1_76' title='bbox 356 1424 561 1480; x_wconf 75' lang='grc' dir='ltr'><strong>ΜΙΝΤΙΝΘΕε</strong></span> <span class='ocrx_word' id='word_1_77' title='bbox 598 1406 764 1493; x_wconf 63' lang='grc' dir='ltr'><strong>[Μίπίἰηρ]</strong></span> <span class='ocrx_word' id='word_1_78' title='bbox 819 1409 936 1473; x_wconf 86' lang='lat' dir='ltr'><strong>Vicaria</strong></span> <span class='ocrx_word' id='word_1_79' title='bbox 962 1412 995 1471; x_wconf 93' lang='lat' dir='ltr'><strong>in</strong></span> <span class='ocrx_word' id='word_1_80' title='bbox 1021 1410 1140 1473; x_wconf 88' lang='lat' dir='ltr'><strong>ecclesia</strong></span> <span class='ocrx_word' id='word_1_81' title='bbox 1165 1412 1203 1473; x_wconf 87' lang='lat' dir='ltr'><strong>de</strong></span> <span class='ocrx_word' id='word_1_82' title='bbox 1231 1412 1394 1492; x_wconf 86' lang='lat' dir='ltr'><strong>Mintinges</strong></span> <span class='ocrx_word' id='word_1_83' title='bbox 1428 1422 1431 1429; x_wconf 58' lang='lat'><strong>⁴</strong></span> 
     </span>
     <span class='ocr_line' id='line_1_11' title="bbox 294 1488 888 1575; baseline -0.002 -22"><span class='ocrx_word' id='word_1_84' title='bbox 294 1510 351 1570; x_wconf 89' lang='lat' dir='ltr'><strong>que</strong></span> <span class='ocrx_word' id='word_1_85' title='bbox 364 1497 409 1553; x_wconf 86' lang='lat' dir='ltr'><strong>ost</strong></span> <span class='ocrx_word' id='word_1_86' title='bbox 421 1491 525 1571; x_wconf 79' lang='lat' dir='ltr'><strong>prioris</strong></span> <span class='ocrx_word' id='word_1_87' title='bbox 538 1492 575 1551; x_wconf 88' lang='lat' dir='ltr'><strong>de</strong></span> <span class='ocrx_word' id='word_1_88' title='bbox 588 1492 751 1570; x_wconf 79' lang='lat' dir='ltr'><strong>Mintingos</strong></span> <span class='ocrx_word' id='word_1_89' title='bbox 765 1488 888 1575; x_wconf 68' lang='lat' dir='ltr'><strong>[blant]</strong></span> 
     </span>
    </p>
   </div>
   <div class='ocr_carea' id='block_1_4' title="bbox 291 1651 1393 2218">
    <p class='ocr_par' dir='ltr' id='par_1_4' title="bbox 291 1651 1393 2218">
     <span class='ocr_line' id='line_1_12' title="bbox 352 1651 1393 1736; baseline -0.006 -14"><span class='ocrx_word' id='word_1_90' title='bbox 352 1665 616 1721; x_wconf 75' lang='grc' dir='ltr'><strong>ΤΗΒΙΚΙΝΘΗΑΜ</strong></span> <span class='ocrx_word' id='word_1_91' title='bbox 657 1651 922 1736; x_wconf 63' lang='lat' dir='ltr'><strong>[necunquam]</strong></span> <span class='ocrx_word' id='word_1_92' title='bbox 981 1653 1099 1714; x_wconf 87' lang='lat' dir='ltr'><strong>Vicaria</strong></span> <span class='ocrx_word' id='word_1_93' title='bbox 1134 1654 1166 1715; x_wconf 91' lang='lat' dir='ltr'><strong>in</strong></span> <span class='ocrx_word' id='word_1_94' title='bbox 1204 1654 1322 1715; x_wconf 86' lang='lat' dir='ltr'><strong>ecclesis</strong></span> <span class='ocrx_word' id='word_1_95' title='bbox 1355 1656 1393 1718; x_wconf 89' lang='lat' dir='ltr'><strong>do</strong></span> 
     </span>
     <span class='ocr_line' id='line_1_13' title="bbox 292 1734 1392 1811; baseline 0.002 -16"><span class='ocrx_word' id='word_1_96' title='bbox 292 1734 499 1811; x_wconf 68' lang='lat' dir='ltr'><strong>Trikinuoham</strong></span> <span class='ocrx_word' id='word_1_97' title='bbox 525 1753 582 1811; x_wconf 88' lang='lat' dir='ltr'><strong>que</strong></span> <span class='ocrx_word' id='word_1_98' title='bbox 606 1739 650 1794; x_wconf 89' lang='lat' dir='ltr'><strong>ost</strong></span> <span class='ocrx_word' id='word_1_99' title='bbox 671 1735 795 1795; x_wconf 80' lang='lat' dir='ltr'><strong>fratrum</strong></span> <span class='ocrx_word' id='word_1_100' title='bbox 820 1736 849 1797; x_wconf 81' lang='lat' dir='ltr'><strong>S.</strong></span> <span class='ocrx_word' id='word_1_101' title='bbox 873 1736 974 1795; x_wconf 80' lang='lat' dir='ltr'><strong>Lazari</strong></span> <span class='ocrx_word' id='word_1_102' title='bbox 993 1735 1030 1796; x_wconf 88' lang='lat' dir='ltr'><strong>de</strong></span> <span class='ocrx_word' id='word_1_103' title='bbox 1049 1735 1190 1796; x_wconf 87' lang='lat' dir='ltr'><strong>Burthon’</strong></span> <span class='ocrx_word' id='word_1_104' title='bbox 1205 1736 1337 1797; x_wconf 79' lang='lat' dir='ltr'><strong>consistit</strong></span> <span class='ocrx_word' id='word_1_105' title='bbox 1358 1738 1392 1797; x_wconf 86' lang='lat' dir='ltr'><strong>in</strong></span> 
     </span>
     <span class='ocr_line' id='line_1_14' title="bbox 291 1815 1391 1895; baseline 0.001 -19"><span class='ocrx_word' id='word_1_106' title='bbox 291 1821 355 1876; x_wconf 83' lang='lat' dir='ltr'><strong>toto</strong></span> <span class='ocrx_word' id='word_1_107' title='bbox 378 1816 515 1891; x_wconf 69' lang='lat' dir='ltr'><strong>almmgio</strong></span> <span class='ocrx_word' id='word_1_108' title='bbox 539 1815 647 1892; x_wconf 85' lang='lat' dir='ltr'><strong>absque</strong></span> <span class='ocrx_word' id='word_1_109' title='bbox 670 1816 726 1875; x_wconf 85' lang='lat' dir='ltr'><strong>alia</strong></span> <span class='ocrx_word' id='word_1_110' title='bbox 749 1816 954 1889; x_wconf 88' lang='lat' dir='ltr'><strong>diminucione,</strong></span> <span class='ocrx_word' id='word_1_111' title='bbox 973 1836 1039 1875; x_wconf 89' lang='lat' dir='ltr'><strong>curn</strong></span> <span class='ocrx_word' id='word_1_112' title='bbox 1059 1818 1134 1876; x_wconf 88' lang='lat' dir='ltr'><strong>tofto</strong></span> <span class='ocrx_word' id='word_1_113' title='bbox 1160 1818 1193 1875; x_wconf 90' lang='lat' dir='ltr'><strong>iu</strong></span> <span class='ocrx_word' id='word_1_114' title='bbox 1219 1836 1277 1895; x_wconf 88' lang='lat' dir='ltr'><strong>quo</strong></span> <span class='ocrx_word' id='word_1_115' title='bbox 1304 1817 1391 1877; x_wconf 86' lang='lat' dir='ltr'><strong>modo</strong></span> 
     </span>
     <span class='ocr_line' id='line_1_15' title="bbox 291 1895 1391 1975; baseline 0.001 -18"><span class='ocrx_word' id='word_1_116' title='bbox 291 1897 417 1957; x_wconf 83' lang='lat' dir='ltr'><strong>vicarius</strong></span> <span class='ocrx_word' id='word_1_117' title='bbox 438 1895 545 1956; x_wconf 84' lang='lat' dir='ltr'><strong>residet</strong></span> <span class='ocrx_word' id='word_1_118' title='bbox 556 1915 565 1970; x_wconf 91' lang='lat'>;</span> <span class='ocrx_word' id='word_1_119' title='bbox 585 1902 616 1955; x_wconf 89' lang='lat' dir='ltr'><strong>at</strong></span> <span class='ocrx_word' id='word_1_120' title='bbox 637 1898 695 1973; x_wconf 91' lang='lat' dir='ltr'><strong>ipsi</strong></span> <span class='ocrx_word' id='word_1_121' title='bbox 717 1897 819 1957; x_wconf 67' lang='lat' dir='ltr'><strong>frames</strong></span> <span class='ocrx_word' id='word_1_122' title='bbox 844 1898 873 1959; x_wconf 81' lang='lat' dir='ltr'><strong>S.</strong></span> <span class='ocrx_word' id='word_1_123' title='bbox 889 1898 989 1957; x_wconf 83' lang='lat' dir='ltr'><strong>Lansri</strong></span> <span class='ocrx_word' id='word_1_124' title='bbox 1011 1898 1205 1975; x_wconf 86' lang='lat' dir='ltr'><strong>procurabunt</strong></span> <span class='ocrx_word' id='word_1_125' title='bbox 1228 1898 1391 1975; x_wconf 88' lang='lat' dir='ltr'><strong>hospicium</strong></span> 
     </span>
     <span class='ocr_line' id='line_1_16' title="bbox 291 1976 1392 2056; baseline 0.003 -19"><span class='ocrx_word' id='word_1_126' title='bbox 291 1976 508 2049; x_wconf 83' lang='lat' dir='ltr'><strong>Archidiaconi,</strong></span> <span class='ocrx_word' id='word_1_127' title='bbox 521 1981 552 2036; x_wconf 89' lang='lat' dir='ltr'><strong>ot</strong></span> <span class='ocrx_word' id='word_1_128' title='bbox 565 1978 754 2038; x_wconf 86' lang='lat' dir='ltr'><strong>sustinebunt</strong></span> <span class='ocrx_word' id='word_1_129' title='bbox 765 1979 798 2037; x_wconf 94' lang='lat' dir='ltr'><strong>in</strong></span> <span class='ocrx_word' id='word_1_130' title='bbox 812 1984 984 2056; x_wconf 88' lang='lat' dir='ltr'><strong>perpetuum</strong></span> <span class='ocrx_word' id='word_1_131' title='bbox 1004 1979 1101 2038; x_wconf 91' lang='lat' dir='ltr'><strong>omnia</strong></span> <span class='ocrx_word' id='word_1_132' title='bbox 1121 1979 1178 2039; x_wconf 87' lang='lat' dir='ltr'><strong>alie</strong></span> <span class='ocrx_word' id='word_1_133' title='bbox 1196 1997 1283 2038; x_wconf 86' lang='lat' dir='ltr'><strong>onera</strong></span> <span class='ocrx_word' id='word_1_134' title='bbox 1296 1984 1392 2056; x_wconf 88' lang='lat' dir='ltr'><strong>preter</strong></span> 
     </span>
     <span class='ocr_line' id='line_1_17' title="bbox 291 2058 1390 2135; baseline 0.004 -18"><span class='ocrx_word' id='word_1_135' title='bbox 291 2058 523 2135; x_wconf 82' lang='lat' dir='ltr'><strong>synodalisque</strong></span> <span class='ocrx_word' id='word_1_136' title='bbox 546 2058 748 2119; x_wconf 85' lang='lat' dir='ltr'><strong>tantummodo</strong></span> <span class='ocrx_word' id='word_1_137' title='bbox 771 2060 896 2119; x_wconf 85' lang='lat' dir='ltr'><strong>vicarius</strong></span> <span class='ocrx_word' id='word_1_138' title='bbox 924 2060 1017 2120; x_wconf 83' lang='lat' dir='ltr'><strong>solvet</strong></span> <span class='ocrx_word' id='word_1_139' title='bbox 1043 2060 1203 2121; x_wconf 75' lang='lat' dir='ltr'><strong>annuatim.</strong></span> <span class='ocrx_word' id='word_1_140' title='bbox 1245 2061 1285 2120; x_wconf 88' lang='lat' dir='ltr'><strong>Et</strong></span> <span class='ocrx_word' id='word_1_141' title='bbox 1311 2061 1390 2121; x_wconf 80' lang='lat' dir='ltr'><strong>valet</strong></span> 
     </span>
     <span class='ocr_line' id='line_1_18' title="bbox 291 2138 767 2218; baseline 0.004 -19"><span class='ocrx_word' id='word_1_142' title='bbox 291 2139 399 2199; x_wconf 83' lang='lat' dir='ltr'><strong>vicaria</strong></span> <span class='ocrx_word' id='word_1_143' title='bbox 410 2157 432 2199; x_wconf 82' lang='lat' dir='ltr'><strong>v</strong></span> <span class='ocrx_word' id='word_1_144' title='bbox 443 2138 531 2198; x_wconf 84' lang='lat' dir='ltr'><strong>marc’</strong></span> <span class='ocrx_word' id='word_1_145' title='bbox 543 2142 574 2198; x_wconf 83' lang='lat' dir='ltr'><strong>et</strong></span> <span class='ocrx_word' id='word_1_146' title='bbox 586 2158 620 2199; x_wconf 92' lang='lat' dir='ltr'><strong>eo</strong></span> <span class='ocrx_word' id='word_1_147' title='bbox 633 2140 767 2218; x_wconf 87' lang='lat' dir='ltr'><strong>amplius.</strong></span> 
     </span>
    </p>
   </div>
   <div class='ocr_carea' id='block_1_5' title="bbox 216 2301 1437 2785">
    <p class='ocr_par' dir='ltr' id='par_1_5' title="bbox 216 2301 1437 2785">
     <span class='ocr_line' id='line_1_19' title="bbox 351 2301 1437 2379; baseline 0 -18"><span class='ocrx_word' id='word_1_148' title='bbox 351 2313 576 2369; x_wconf 76' lang='grc' dir='ltr'><strong>τΑιιΝοτοΝ.</strong></span> <span class='ocrx_word' id='word_1_149' title='bbox 616 2301 733 2361; x_wconf 87' lang='lat' dir='ltr'><strong>Vicaria</strong></span> <span class='ocrx_word' id='word_1_150' title='bbox 751 2302 785 2360; x_wconf 92' lang='lat' dir='ltr'><strong>in</strong></span> <span class='ocrx_word' id='word_1_151' title='bbox 805 2302 923 2362; x_wconf 86' lang='lat' dir='ltr'><strong>ccclesia</strong></span> <span class='ocrx_word' id='word_1_152' title='bbox 939 2302 975 2362; x_wconf 90' lang='lat' dir='ltr'><strong>da</strong></span> <span class='ocrx_word' id='word_1_153' title='bbox 988 2302 1146 2376; x_wconf 84' lang='lat' dir='ltr'><strong>Tullinton,</strong></span> <span class='ocrx_word' id='word_1_154' title='bbox 1160 2320 1217 2379; x_wconf 88' lang='lat' dir='ltr'><strong>que</strong></span> <span class='ocrx_word' id='word_1_155' title='bbox 1230 2305 1275 2361; x_wconf 86' lang='lat' dir='ltr'><strong>ost</strong></span> <span class='ocrx_word' id='word_1_156' title='bbox 1287 2302 1390 2379; x_wconf 86' lang='lat' dir='ltr'><strong>prioris</strong></span> <span class='ocrx_word' id='word_1_157' title='bbox 1434 2367 1437 2373; x_wconf 57' lang='grc'><strong>,</strong></span> 
     </span>
     <span class='ocr_line' id='line_1_20' title="bbox 216 2381 1389 2461; baseline -0.002 -17"><span class='ocrx_word' id='word_1_158' title='bbox 216 2418 220 2425; x_wconf 88' lang='lat'><em>-</em></span> <span class='ocrx_word' id='word_1_159' title='bbox 291 2387 322 2444; x_wconf 90' lang='lat' dir='ltr'><strong>et</strong></span> <span class='ocrx_word' id='word_1_160' title='bbox 334 2387 496 2443; x_wconf 76' lang='lat' dir='ltr'><strong>convontus</strong></span> <span class='ocrx_word' id='word_1_161' title='bbox 508 2381 546 2440; x_wconf 89' lang='lat' dir='ltr'><strong>do</strong></span> <span class='ocrx_word' id='word_1_162' title='bbox 559 2382 691 2456; x_wconf 78' lang='lat' dir='ltr'><strong>Bolseno,</strong></span> <span class='ocrx_word' id='word_1_163' title='bbox 711 2383 845 2443; x_wconf 86' lang='lat' dir='ltr'><strong>consistit</strong></span> <span class='ocrx_word' id='word_1_164' title='bbox 864 2384 897 2442; x_wconf 95' lang='lat' dir='ltr'><strong>in</strong></span> <span class='ocrx_word' id='word_1_165' title='bbox 916 2388 979 2443; x_wconf 90' lang='lat' dir='ltr'><strong>toto</strong></span> <span class='ocrx_word' id='word_1_166' title='bbox 999 2383 1146 2461; x_wconf 81' lang='lat' dir='ltr'><strong>altaragio,</strong></span> <span class='ocrx_word' id='word_1_167' title='bbox 1160 2382 1300 2443; x_wconf 86' lang='lat' dir='ltr'><strong>solvendo</strong></span> <span class='ocrx_word' id='word_1_168' title='bbox 1319 2383 1389 2443; x_wconf 90' lang='lat' dir='ltr'><strong>inde</strong></span> 
     </span>
     <span class='ocr_line' id='line_1_21' title="bbox 290 2462 1389 2541; baseline -0.002 -16"><span class='ocrx_word' id='word_1_169' title='bbox 290 2464 443 2525; x_wconf 88' lang='lat' dir='ltr'><strong>annuatim</strong></span> <span class='ocrx_word' id='word_1_170' title='bbox 461 2462 549 2522; x_wconf 85' lang='lat' dir='ltr'><strong>dictio</strong></span> <span class='ocrx_word' id='word_1_171' title='bbox 568 2463 656 2540; x_wconf 85' lang='lat' dir='ltr'><strong>priori</strong></span> <span class='ocrx_word' id='word_1_172' title='bbox 676 2469 707 2524; x_wconf 92' lang='lat' dir='ltr'><strong>ot</strong></span> <span class='ocrx_word' id='word_1_173' title='bbox 720 2466 878 2525; x_wconf 86' lang='lat' dir='ltr'><strong>conventui</strong></span> <span class='ocrx_word' id='word_1_174' title='bbox 891 2466 976 2541; x_wconf 83' lang='lat' dir='ltr'><strong>xxiiij</strong></span> <span class='ocrx_word' id='word_1_175' title='bbox 992 2464 1121 2539; x_wconf 83' lang='lat' dir='ltr'><strong>solidos3</strong></span> <span class='ocrx_word' id='word_1_176' title='bbox 1141 2468 1171 2523; x_wconf 89' lang='lat' dir='ltr'><strong>et</strong></span> <span class='ocrx_word' id='word_1_177' title='bbox 1183 2464 1241 2540; x_wconf 90' lang='lat' dir='ltr'><strong>ipsi</strong></span> <span class='ocrx_word' id='word_1_178' title='bbox 1262 2464 1340 2541; x_wconf 88' lang='lat' dir='ltr'><strong>prior</strong></span> <span class='ocrx_word' id='word_1_179' title='bbox 1360 2469 1389 2524; x_wconf 91' lang='lat' dir='ltr'><strong>et</strong></span> 
     </span>
     <span class='ocr_line' id='line_1_22' title="bbox 290 2544 1390 2623; baseline -0.001 -18"><span class='ocrx_word' id='word_1_180' title='bbox 290 2549 452 2607; x_wconf 84' lang='lat' dir='ltr'><strong>conventus</strong></span> <span class='ocrx_word' id='word_1_181' title='bbox 464 2544 659 2621; x_wconf 90' lang='lat' dir='ltr'><strong>procurabunt</strong></span> <span class='ocrx_word' id='word_1_182' title='bbox 672 2545 836 2623; x_wconf 87' lang='lat' dir='ltr'><strong>hospicium</strong></span> <span class='ocrx_word' id='word_1_183' title='bbox 850 2544 1064 2619; x_wconf 82' lang='lat' dir='ltr'><strong>Archidiaconi,</strong></span> <span class='ocrx_word' id='word_1_184' title='bbox 1078 2551 1109 2605; x_wconf 91' lang='lat' dir='ltr'><strong>ot</strong></span> <span class='ocrx_word' id='word_1_185' title='bbox 1122 2544 1220 2605; x_wconf 85' lang='lat' dir='ltr'><strong>omnia</strong></span> <span class='ocrx_word' id='word_1_186' title='bbox 1232 2544 1290 2604; x_wconf 90' lang='lat' dir='ltr'><strong>alia</strong></span> <span class='ocrx_word' id='word_1_187' title='bbox 1303 2564 1390 2605; x_wconf 87' lang='lat' dir='ltr'><strong>onera</strong></span> 
     </span>
     <span class='ocr_line' id='line_1_23' title="bbox 289 2626 1390 2705; baseline -0.001 -18"><span class='ocrx_word' id='word_1_188' title='bbox 289 2628 323 2687; x_wconf 90' lang='lat' dir='ltr'><strong>in</strong></span> <span class='ocrx_word' id='word_1_189' title='bbox 336 2631 509 2704; x_wconf 86' lang='lat' dir='ltr'><strong>perpetuum</strong></span> <span class='ocrx_word' id='word_1_190' title='bbox 521 2626 709 2687; x_wconf 87' lang='lat' dir='ltr'><strong>sustinebunt</strong></span> <span class='ocrx_word' id='word_1_191' title='bbox 721 2632 817 2704; x_wconf 90' lang='lat' dir='ltr'><strong>pretor</strong></span> <span class='ocrx_word' id='word_1_192' title='bbox 831 2627 1052 2705; x_wconf 82' lang='lat' dir='ltr'><strong>synodalisque</strong></span> <span class='ocrx_word' id='word_1_193' title='bbox 1065 2627 1144 2686; x_wconf 89' lang='lat' dir='ltr'><strong>idam</strong></span> <span class='ocrx_word' id='word_1_194' title='bbox 1156 2627 1281 2686; x_wconf 84' lang='lat' dir='ltr'><strong>vicarius</strong></span> <span class='ocrx_word' id='word_1_195' title='bbox 1295 2626 1390 2687; x_wconf 84' lang='lat' dir='ltr'><strong>solvat</strong></span> 
     </span>
     <span class='ocr_line' id='line_1_24' title="bbox 289 2706 1328 2785; baseline 0 -18"><span class='ocrx_word' id='word_1_196' title='bbox 289 2708 448 2779; x_wconf 80' lang='lat' dir='ltr'><strong>annuatim.</strong></span> <span class='ocrx_word' id='word_1_197' title='bbox 491 2707 622 2767; x_wconf 80' lang='lat' dir='ltr'><strong>Habebit</strong></span> <span class='ocrx_word' id='word_1_198' title='bbox 635 2708 725 2768; x_wconf 87' lang='lat' dir='ltr'><strong>eciam</strong></span> <span class='ocrx_word' id='word_1_199' title='bbox 738 2708 863 2768; x_wconf 75' lang='lat' dir='ltr'><strong>vicanus</strong></span> <span class='ocrx_word' id='word_1_200' title='bbox 876 2709 985 2768; x_wconf 84' lang='lat' dir='ltr'><strong>toltum</strong></span> <span class='ocrx_word' id='word_1_201' title='bbox 997 2709 1030 2767; x_wconf 88' lang='lat' dir='ltr'><strong>in</strong></span> <span class='ocrx_word' id='word_1_202' title='bbox 1044 2727 1102 2785; x_wconf 88' lang='lat' dir='ltr'><strong>quo</strong></span> <span class='ocrx_word' id='word_1_203' title='bbox 1115 2706 1201 2767; x_wconf 86' lang='lat' dir='ltr'><strong>modo</strong></span> <span class='ocrx_word' id='word_1_204' title='bbox 1214 2707 1328 2767; x_wconf 70' lang='lat' dir='ltr'><strong>nudet</strong></span> 
     </span>
    </p>
   </div>
   <div class='ocr_carea' id='block_1_6' title="bbox 288 2868 1389 3255">
    <p class='ocr_par' dir='ltr' id='par_1_6' title="bbox 288 2868 1389 3255">
     <span class='ocr_line' id='line_1_25' title="bbox 350 2868 1388 2947; baseline -0.001 -18"><span class='ocrx_word' id='word_1_205' title='bbox 350 2884 516 2939; x_wconf 70' lang='grc' dir='ltr'><strong>ΑυΒυῃΝ,</strong></span> <span class='ocrx_word' id='word_1_206' title='bbox 555 2868 673 2929; x_wconf 89' lang='lat' dir='ltr'><strong>Vioaria</strong></span> <span class='ocrx_word' id='word_1_207' title='bbox 691 2870 725 2929; x_wconf 90' lang='lat' dir='ltr'><strong>in</strong></span> <span class='ocrx_word' id='word_1_208' title='bbox 745 2869 863 2929; x_wconf 85' lang='lat' dir='ltr'><strong>ecclesia</strong></span> <span class='ocrx_word' id='word_1_209' title='bbox 882 2870 920 2929; x_wconf 90' lang='lat' dir='ltr'><strong>ds</strong></span> <span class='ocrx_word' id='word_1_210' title='bbox 939 2869 1073 2944; x_wconf 85' lang='lat' dir='ltr'><strong>Auburn,</strong></span> <span class='ocrx_word' id='word_1_211' title='bbox 1093 2888 1151 2947; x_wconf 85' lang='lat' dir='ltr'><strong>quo</strong></span> <span class='ocrx_word' id='word_1_212' title='bbox 1164 2873 1208 2929; x_wconf 85' lang='lat' dir='ltr'><strong>est</strong></span> <span class='ocrx_word' id='word_1_213' title='bbox 1222 2868 1388 2943; x_wconf 80' lang='lat' dir='ltr'><strong>aonmdom,</strong></span> 
     </span>
     <span class='ocr_line' id='line_1_26' title="bbox 289 2950 1389 3028; baseline -0.002 -17"><span class='ocrx_word' id='word_1_214' title='bbox 289 2952 423 3011; x_wconf 89' lang='lat' dir='ltr'><strong>consistit</strong></span> <span class='ocrx_word' id='word_1_215' title='bbox 449 2952 482 3028; x_wconf 86' lang='lat' dir='ltr'><strong>in</strong></span> <span class='ocrx_word' id='word_1_216' title='bbox 505 2954 568 3010; x_wconf 88' lang='lat' dir='ltr'><strong>toto</strong></span> <span class='ocrx_word' id='word_1_217' title='bbox 589 2951 727 3028; x_wconf 80' lang='lat' dir='ltr'><strong>altaragio</strong></span> <span class='ocrx_word' id='word_1_218' title='bbox 748 2970 816 3011; x_wconf 91' lang='lat' dir='ltr'><strong>oum</strong></span> <span class='ocrx_word' id='word_1_219' title='bbox 838 2950 914 3011; x_wconf 85' lang='lat' dir='ltr'><strong>tofto</strong></span> <span class='ocrx_word' id='word_1_220' title='bbox 935 2951 1098 3028; x_wconf 79' lang='lat' dir='ltr'><strong>assignato;</strong></span> <span class='ocrx_word' id='word_1_221' title='bbox 1125 2955 1155 3009; x_wconf 90' lang='lat' dir='ltr'><strong>ot</strong></span> <span class='ocrx_word' id='word_1_222' title='bbox 1177 2950 1236 3027; x_wconf 91' lang='lat' dir='ltr'><strong>ipsi</strong></span> <span class='ocrx_word' id='word_1_223' title='bbox 1258 2950 1336 3027; x_wconf 89' lang='lat' dir='ltr'><strong>prior</strong></span> <span class='ocrx_word' id='word_1_224' title='bbox 1358 2956 1389 3009; x_wconf 89' lang='lat' dir='ltr'><strong>ot</strong></span> 
     </span>
     <span class='ocr_line' id='line_1_27' title="bbox 289 3030 1389 3109; baseline -0.002 -16"><span class='ocrx_word' id='word_1_225' title='bbox 289 3037 451 3093; x_wconf 81' lang='lat' dir='ltr'><strong>conventus</strong></span> <span class='ocrx_word' id='word_1_226' title='bbox 464 3031 660 3109; x_wconf 84' lang='lat' dir='ltr'><strong>procurabunt</strong></span> <span class='ocrx_word' id='word_1_227' title='bbox 671 3032 835 3109; x_wconf 87' lang='lat' dir='ltr'><strong>hospicium</strong></span> <span class='ocrx_word' id='word_1_228' title='bbox 849 3032 1062 3106; x_wconf 84' lang='lat' dir='ltr'><strong>Archidiaconi,</strong></span> <span class='ocrx_word' id='word_1_229' title='bbox 1078 3038 1109 3091; x_wconf 89' lang='lat' dir='ltr'><strong>ot</strong></span> <span class='ocrx_word' id='word_1_230' title='bbox 1122 3032 1220 3091; x_wconf 89' lang='lat' dir='ltr'><strong>omnio</strong></span> <span class='ocrx_word' id='word_1_231' title='bbox 1233 3030 1289 3091; x_wconf 91' lang='lat' dir='ltr'><strong>alia</strong></span> <span class='ocrx_word' id='word_1_232' title='bbox 1302 3050 1389 3091; x_wconf 89' lang='lat' dir='ltr'><strong>onera</strong></span> 
     </span>
     <span class='ocr_line' id='line_1_28' title="bbox 288 3112 1389 3192; baseline -0.002 -18"><span class='ocrx_word' id='word_1_233' title='bbox 288 3114 322 3174; x_wconf 90' lang='lat' dir='ltr'><strong>in</strong></span> <span class='ocrx_word' id='word_1_234' title='bbox 334 3118 507 3191; x_wconf 85' lang='lat' dir='ltr'><strong>perpetuum</strong></span> <span class='ocrx_word' id='word_1_235' title='bbox 518 3113 706 3173; x_wconf 87' lang='lat' dir='ltr'><strong>sustinebunt</strong></span> <span class='ocrx_word' id='word_1_236' title='bbox 718 3118 815 3190; x_wconf 79' lang='lat' dir='ltr'><strong>pretor</strong></span> <span class='ocrx_word' id='word_1_237' title='bbox 827 3113 978 3192; x_wconf 79' lang='lat' dir='ltr'><strong>synodalia</strong></span> <span class='ocrx_word' id='word_1_238' title='bbox 990 3131 1048 3190; x_wconf 89' lang='lat' dir='ltr'><strong>quo</strong></span> <span class='ocrx_word' id='word_1_239' title='bbox 1061 3114 1140 3173; x_wconf 89' lang='lat' dir='ltr'><strong>idom</strong></span> <span class='ocrx_word' id='word_1_240' title='bbox 1158 3112 1282 3172; x_wconf 84' lang='lat' dir='ltr'><strong>vicarius</strong></span> <span class='ocrx_word' id='word_1_241' title='bbox 1295 3112 1389 3173; x_wconf 84' lang='lat' dir='ltr'><strong>solvet</strong></span> 
     </span>
     <span class='ocr_line' id='line_1_29' title="bbox 289 3196 448 3255; baseline 0.006 -1"><span class='ocrx_word' id='word_1_242' title='bbox 289 3196 448 3255; x_wconf 89' lang='lat' dir='ltr'><strong>annuatim.</strong></span> 
     </span>
    </p>
   </div>
   <div class='ocr_carea' id='block_1_7' title="bbox 287 3351 1387 3597">
    <p class='ocr_par' dir='ltr' id='par_1_7' title="bbox 287 3316 1387 3597">
     <span class='ocr_line' id='line_1_30' title="bbox 349 3351 1387 3436; baseline -0.01 -11"><span class='ocrx_word' id='word_1_243' title='bbox 349 3369 577 3426; x_wconf 73' lang='grc' dir='ltr'>ΟΑιΚΕνΙΕιΙ.</span> <span class='ocrx_word' id='word_1_244' title='bbox 609 3351 795 3436; x_wconf 71' lang='grc' dir='ltr'><strong>[οαω1σωεῑῖ].</strong></span> <span class='ocrx_word' id='word_1_245' title='bbox 837 3355 954 3416; x_wconf 87' lang='lat' dir='ltr'><strong>Vioaria</strong></span> <span class='ocrx_word' id='word_1_246' title='bbox 973 3356 1006 3416; x_wconf 93' lang='lat' dir='ltr'><strong>in</strong></span> <span class='ocrx_word' id='word_1_247' title='bbox 1026 3355 1145 3415; x_wconf 84' lang='lat' dir='ltr'><strong>ecclesia</strong></span> <span class='ocrx_word' id='word_1_248' title='bbox 1164 3354 1202 3415; x_wconf 91' lang='lat' dir='ltr'><strong>ds</strong></span> <span class='ocrx_word' id='word_1_249' title='bbox 1222 3354 1387 3430; x_wconf 83' lang='lat' dir='ltr'><strong>Oalkowoll,</strong></span> 
     </span>
     <span class='ocr_line' id='line_1_31' title="bbox 288 3436 1387 3513; baseline -0.002 -16"><span class='ocrx_word' id='word_1_250' title='bbox 288 3455 346 3513; x_wconf 89' lang='lat' dir='ltr'><strong>quo</strong></span> <span class='ocrx_word' id='word_1_251' title='bbox 359 3441 403 3495; x_wconf 90' lang='lat' dir='ltr'><strong>ast</strong></span> <span class='ocrx_word' id='word_1_252' title='bbox 416 3437 520 3513; x_wconf 89' lang='lat' dir='ltr'><strong>prioris</strong></span> <span class='ocrx_word' id='word_1_253' title='bbox 532 3441 563 3495; x_wconf 89' lang='lat' dir='ltr'><strong>et</strong></span> <span class='ocrx_word' id='word_1_254' title='bbox 575 3442 737 3497; x_wconf 83' lang='lat' dir='ltr'><strong>conventus</strong></span> <span class='ocrx_word' id='word_1_255' title='bbox 750 3437 788 3496; x_wconf 87' lang='lat' dir='ltr'><strong>do</strong></span> <span class='ocrx_word' id='word_1_256' title='bbox 801 3436 833 3497; x_wconf 86' lang='lat' dir='ltr'>N</span> <span class='ocrx_word' id='word_1_257' title='bbox 833 3436 950 3511; x_wconf 85' lang='lat' dir='ltr'><strong>okoton,</strong></span> <span class='ocrx_word' id='word_1_258' title='bbox 965 3438 1098 3505; x_wconf 85' lang='lat' dir='ltr'><strong>consistit</strong></span> <span class='ocrx_word' id='word_1_259' title='bbox 1115 3438 1148 3495; x_wconf 90' lang='lat' dir='ltr'><strong>in</strong></span> <span class='ocrx_word' id='word_1_260' title='bbox 1167 3441 1230 3496; x_wconf 89' lang='lat' dir='ltr'><strong>toto</strong></span> <span class='ocrx_word' id='word_1_261' title='bbox 1250 3436 1387 3513; x_wconf 81' lang='lat' dir='ltr'><strong>altsragio</strong></span> 
     </span>
     <span class='ocr_line' id='line_1_32' title="bbox 287 3516 1307 3597; baseline 0 -20"><span class='ocrx_word' id='word_1_262' title='bbox 287 3522 319 3577; x_wconf 86' lang='lat' dir='ltr'><strong>et</strong></span> <span class='ocrx_word' id='word_1_263' title='bbox 331 3518 364 3578; x_wconf 91' lang='lat' dir='ltr'><strong>in</strong></span> <span class='ocrx_word' id='word_1_264' title='bbox 376 3536 436 3577; x_wconf 84' lang='lat' dir='ltr'><strong>una</strong></span> <span class='ocrx_word' id='word_1_265' title='bbox 449 3536 543 3577; x_wconf 90' lang='lat' dir='ltr'><strong>maroa</strong></span> <span class='ocrx_word' id='word_1_266' title='bbox 556 3518 729 3597; x_wconf 81' lang='lat' dir='ltr'><strong>assignanda</strong></span> <span class='ocrx_word' id='word_1_267' title='bbox 741 3518 774 3577; x_wconf 90' lang='lat' dir='ltr'><strong>in</strong></span> <span class='ocrx_word' id='word_1_268' title='bbox 787 3518 907 3578; x_wconf 88' lang='lat' dir='ltr'><strong>decimis</strong></span> <span class='ocrx_word' id='word_1_269' title='bbox 920 3518 1072 3597; x_wconf 80' lang='lat' dir='ltr'><strong>garbarum</strong></span> <span class='ocrx_word' id='word_1_270' title='bbox 1085 3516 1216 3596; x_wconf 79' lang='lat' dir='ltr'><strong>oJ&#39;usdom</strong></span> <span class='ocrx_word' id='word_1_271' title='bbox 1229 3518 1307 3577; x_wconf 86' lang='lat' dir='ltr'><strong>villo.</strong></span> 
     </span>
    </p>
   </div>
   <div class='ocr_carea' id='block_1_8' title="bbox 759 3677 920 3763">
    <p class='ocr_par' dir='ltr' id='par_1_8' title="bbox 759 3677 920 3763">
     <span class='ocr_line' id='line_1_33' title="bbox 759 3677 920 3763; baseline 0.006 -24"><span class='ocrx_word' id='word_1_272' title='bbox 759 3677 822 3761; x_wconf 74' lang='lat' dir='ltr'><strong>[ro.</strong></span> <span class='ocrx_word' id='word_1_273' title='bbox 842 3677 920 3763; x_wconf 76' lang='lat' dir='ltr'><strong>run]</strong></span> 
     </span>
    </p>
   </div>
   <div class='ocr_carea' id='block_1_9' title="bbox 286 3781 1387 4011">
    <p class='ocr_par' dir='ltr' id='par_1_9' title="bbox 286 3781 1387 4011">
     <span class='ocr_line' id='line_1_34' title="bbox 349 3781 1387 3881; baseline -0.01 -27"><span class='ocrx_word' id='word_1_274' title='bbox 349 3799 558 3854; x_wconf 69' lang='lat' dir='ltr'><strong>sconsum</strong></span> <span class='ocrx_word' id='word_1_275' title='bbox 595 3781 772 3868; x_wconf 63' lang='lat' dir='ltr'><strong>[romum]</strong></span> <span class='ocrx_word' id='word_1_276' title='bbox 793 3790 821 3845; x_wconf 79' lang='lat' dir='ltr'><strong>et</strong></span> <span class='ocrx_word' id='word_1_277' title='bbox 841 3800 1039 3880; x_wconf 47' lang='lat' dir='ltr'><strong>samsona,</strong></span> <span class='ocrx_word' id='word_1_278' title='bbox 1073 3784 1188 3881; x_wconf 59' lang='lat' dir='ltr'><strong>uicaria</strong></span> <span class='ocrx_word' id='word_1_279' title='bbox 1208 3786 1241 3845; x_wconf 83' lang='lat' dir='ltr'><strong>in</strong></span> <span class='ocrx_word' id='word_1_280' title='bbox 1260 3784 1387 3845; x_wconf 68' lang='lat' dir='ltr'><strong>eoloris</strong></span> 
     </span>
     <span class='ocr_line' id='line_1_35' title="bbox 286 3866 1387 4011; baseline -0.001 -85"><span class='ocrx_word' id='word_1_281' title='bbox 286 3866 887 4011; x_wconf 47' lang='lat' dir='ltr'><strong>deiidlissdrgssnrigiditmdssufflffimflue</strong></span> <span class='ocrx_word' id='word_1_282' title='bbox 910 3874 980 3927; x_wconf 88' lang='lat' dir='ltr'><strong>eunt</strong></span> <span class='ocrx_word' id='word_1_283' title='bbox 996 3886 1099 3947; x_wconf 84' lang='lat' dir='ltr'><strong>pnorrs</strong></span> <span class='ocrx_word' id='word_1_284' title='bbox 1122 3875 1152 3927; x_wconf 89' lang='lat' dir='ltr'><strong>et</strong></span> <span class='ocrx_word' id='word_1_285' title='bbox 1176 3866 1387 4003; x_wconf 86' lang='lat' dir='ltr'><strong>convontusde</strong></span> 
     </span>
    </p>
   </div>
   <div class='ocr_carea' id='block_1_10' title="bbox 286 4106 1388 4435">
    <p class='ocr_par' dir='ltr' id='par_1_10' title="bbox 286 4106 1388 4435">
     <span class='ocr_line' id='line_1_36' title="bbox 345 4106 1387 4189; baseline -0.002 -20"><span class='ocrx_word' id='word_1_286' title='bbox 345 4122 507 4178; x_wconf 69' lang='grc' dir='ltr'><strong>νιιτΗΑΜ.</strong></span> <span class='ocrx_word' id='word_1_287' title='bbox 534 4106 650 4169; x_wconf 84' lang='lat' dir='ltr'><strong>Vioaria</strong></span> <span class='ocrx_word' id='word_1_288' title='bbox 662 4110 696 4169; x_wconf 89' lang='lat' dir='ltr'><strong>in</strong></span> <span class='ocrx_word' id='word_1_289' title='bbox 708 4110 827 4171; x_wconf 82' lang='lat' dir='ltr'><strong>ecclesia</strong></span> <span class='ocrx_word' id='word_1_290' title='bbox 840 4111 877 4170; x_wconf 89' lang='lat' dir='ltr'><strong>de</strong></span> <span class='ocrx_word' id='word_1_291' title='bbox 888 4108 1007 4170; x_wconf 88' lang='lat' dir='ltr'><strong>Wiham</strong></span> <span class='ocrx_word' id='word_1_292' title='bbox 1023 4108 1088 4189; x_wconf 82' lang='lat' dir='ltr'><strong>(oio)</strong></span> <span class='ocrx_word' id='word_1_293' title='bbox 1103 4129 1159 4187; x_wconf 89' lang='lat' dir='ltr'><strong>quo</strong></span> <span class='ocrx_word' id='word_1_294' title='bbox 1173 4114 1217 4169; x_wconf 89' lang='lat' dir='ltr'><strong>est</strong></span> <span class='ocrx_word' id='word_1_295' title='bbox 1229 4108 1387 4168; x_wconf 89' lang='lat' dir='ltr'><strong>eorundem</strong></span> 
     </span>
     <span class='ocr_line' id='line_1_37' title="bbox 287 4190 1388 4269; baseline -0.005 -16"><span class='ocrx_word' id='word_1_296' title='bbox 287 4192 422 4253; x_wconf 85' lang='lat' dir='ltr'><strong>consistit</strong></span> <span class='ocrx_word' id='word_1_297' title='bbox 433 4191 468 4249; x_wconf 93' lang='lat' dir='ltr'><strong>in</strong></span> <span class='ocrx_word' id='word_1_298' title='bbox 481 4190 617 4251; x_wconf 90' lang='lat' dir='ltr'><strong>omnibus</strong></span> <span class='ocrx_word' id='word_1_299' title='bbox 630 4191 830 4251; x_wconf 86' lang='lat' dir='ltr'><strong>oblacionibus</strong></span> <span class='ocrx_word' id='word_1_300' title='bbox 842 4211 894 4269; x_wconf 89' lang='lat' dir='ltr'><strong>per</strong></span> <span class='ocrx_word' id='word_1_301' title='bbox 906 4210 1026 4265; x_wconf 87' lang='lat' dir='ltr'><strong>annum,</strong></span> <span class='ocrx_word' id='word_1_302' title='bbox 1041 4192 1170 4269; x_wconf 85' lang='lat' dir='ltr'><strong>exceptis</strong></span> <span class='ocrx_word' id='word_1_303' title='bbox 1179 4190 1388 4269; x_wconf 88' lang='lat' dir='ltr'><strong>purificaoioni-</strong></span> 
     </span>
     <span class='ocr_line' id='line_1_38' title="bbox 286 4271 1387 4349; baseline -0.003 -16"><span class='ocrx_word' id='word_1_304' title='bbox 286 4274 351 4347; x_wconf 89' lang='lat' dir='ltr'><strong>buo,</strong></span> <span class='ocrx_word' id='word_1_305' title='bbox 365 4271 559 4349; x_wconf 87' lang='lat' dir='ltr'><strong>sponsalibus,</strong></span> <span class='ocrx_word' id='word_1_306' title='bbox 573 4272 756 4347; x_wconf 86' lang='lat' dir='ltr'><strong>annualibus,</strong></span> <span class='ocrx_word' id='word_1_307' title='bbox 771 4272 981 4346; x_wconf 88' lang='lat' dir='ltr'><strong>tricentalibus,</strong></span> <span class='ocrx_word' id='word_1_308' title='bbox 1000 4272 1036 4331; x_wconf 92' lang='lat' dir='ltr'><strong>do</strong></span> <span class='ocrx_word' id='word_1_309' title='bbox 1053 4274 1161 4349; x_wconf 91' lang='lat' dir='ltr'><strong>quibus</strong></span> <span class='ocrx_word' id='word_1_310' title='bbox 1180 4272 1305 4332; x_wconf 85' lang='lat' dir='ltr'><strong>vicarius</strong></span> <span class='ocrx_word' id='word_1_311' title='bbox 1325 4289 1387 4330; x_wconf 91' lang='lat' dir='ltr'><strong>non</strong></span> 
     </span>
     <span class='ocr_line' id='line_1_39' title="bbox 287 4352 1386 4435; baseline -0.005 -19"><span class='ocrx_word' id='word_1_312' title='bbox 287 4353 409 4416; x_wconf 81' lang='lat' dir='ltr'><strong>habebit</strong></span> <span class='ocrx_word' id='word_1_313' title='bbox 418 4353 477 4413; x_wconf 79' lang='lat' dir='ltr'><strong>uisi</strong></span> <span class='ocrx_word' id='word_1_314' title='bbox 485 4353 603 4413; x_wconf 87' lang='lat' dir='ltr'><strong>terciam</strong></span> <span class='ocrx_word' id='word_1_315' title='bbox 613 4359 733 4433; x_wconf 86' lang='lat' dir='ltr'><strong>portem.</strong></span> <span class='ocrx_word' id='word_1_316' title='bbox 769 4354 912 4414; x_wconf 85' lang='lat' dir='ltr'><strong>Consistit</strong></span> <span class='ocrx_word' id='word_1_317' title='bbox 922 4354 1012 4413; x_wconf 87' lang='lat' dir='ltr'><strong>eciam</strong></span> <span class='ocrx_word' id='word_1_318' title='bbox 1022 4354 1055 4412; x_wconf 92' lang='lat' dir='ltr'><strong>in</strong></span> <span class='ocrx_word' id='word_1_319' title='bbox 1066 4354 1154 4413; x_wconf 85' lang='lat' dir='ltr'><strong>torcia</strong></span> <span class='ocrx_word' id='word_1_320' title='bbox 1163 4359 1244 4435; x_wconf 86' lang='lat' dir='ltr'><strong>parta</strong></span> <span class='ocrx_word' id='word_1_321' title='bbox 1254 4352 1386 4411; x_wconf 86' lang='lat' dir='ltr'><strong>omnium</strong></span> 
     </span>
    </p>
   </div>
   <div class='ocr_carea' id='block_1_11' title="bbox 0 0 1600 5367">
    <p class='ocr_par' dir='ltr' id='par_1_11' title="bbox 0 0 1600 5367">
     <span class='ocr_line' id='line_1_40' title="bbox 0 0 1600 5367; baseline 0 3"><span class='ocrx_word' id='word_1_322' title='bbox 0 0 1600 5367; x_wconf 95' lang='lat' dir='ltr'><strong> </strong></span> 
     </span>
    </p>
   </div>
  </div>
 </body>
</html>
