<?xml version="1.0" encoding="UTF-8"?>
<!DOCTYPE html PUBLIC "-//W3C//DTD XHTML 1.0 Transitional//EN"
    "http://www.w3.org/TR/xhtml1/DTD/xhtml1-transitional.dtd">
<html xmlns="http://www.w3.org/1999/xhtml" xml:lang="en" lang="en">
 <head>
  <title>
</title>
<meta http-equiv="Content-Type" content="text/html;charset=utf-8" />
  <meta name='ocr-system' content='tesseract 3.04.00' />
  <meta name='ocr-capabilities' content='ocr_page ocr_carea ocr_par ocr_line ocrx_word'/>
</head>
<body>
  <div class='ocr_page' id='page_1' title='image "./liberantiquusde00wgoog_0087.png"; bbox 0 0 3192 5367; ppageno 0'>
   <div class='ocr_carea' id='block_1_1' title="bbox 602 538 1306 610">
    <p class='ocr_par' dir='ltr' id='par_1_1' title="bbox 602 538 1306 610">
     <span class='ocr_line' id='line_1_1' title="bbox 602 538 1306 610; baseline -0.004 -1"><span class='ocrx_word' id='word_1_1' title='bbox 602 553 760 610; x_wconf 83' lang='lat' dir='ltr'>euoours</span> <span class='ocrx_word' id='word_1_2' title='bbox 781 554 908 609; x_wconf 81' lang='lat' dir='ltr'>werre.</span> <span class='ocrx_word' id='word_1_3' title='bbox 1262 538 1306 608; x_wconf 81' lang='grc'>73</span> 
     </span>
    </p>
   </div>
   <div class='ocr_carea' id='block_1_2' title="bbox 173 700 1308 1511">
    <p class='ocr_par' dir='ltr' id='par_1_2' title="bbox 173 700 1308 1511">
     <span class='ocr_line' id='line_1_2' title="bbox 211 700 1306 864; baseline 0.003 -20"><span class='ocrx_word' id='word_1_4' title='bbox 211 700 1306 864; x_wconf 53' lang='lat' dir='ltr'>s‘ttl5¹“sttffitdblttnttltttfttltttti</span> 
     </span>
     <span class='ocr_line' id='line_1_3' title="bbox 173 864 1307 946; baseline 0.003 -21"><span class='ocrx_word' id='word_1_5' title='bbox 173 892 174 896; x_wconf 41' lang='lat'>¹</span> <span class='ocrx_word' id='word_1_6' title='bbox 211 870 379 944; x_wconf 86' lang='lat' dir='ltr'>petronetus</span> <span class='ocrx_word' id='word_1_7' title='bbox 403 866 533 944; x_wconf 84' lang='lat' dir='ltr'>ejusdem</span> <span class='ocrx_word' id='word_1_8' title='bbox 556 865 682 925; x_wconf 88' lang='lat' dir='ltr'>ecclesie.</span> <span class='ocrx_word' id='word_1_9' title='bbox 722 864 764 923; x_wconf 88' lang='lat' dir='ltr'>Et</span> <span class='ocrx_word' id='word_1_10' title='bbox 782 868 818 923; x_wconf 92' lang='lat' dir='ltr'>ut</span> <span class='ocrx_word' id='word_1_11' title='bbox 835 865 1000 924; x_wconf 87' lang='lat' dir='ltr'>hccnostre</span> <span class='ocrx_word' id='word_1_12' title='bbox 1013 865 1157 925; x_wconf 89' lang='lat' dir='ltr'>concessio</span> <span class='ocrx_word' id='word_1_13' title='bbox 1169 873 1307 946; x_wconf 78' lang='lat' dir='ltr'><strong>perpetue</strong></span> 
     </span>
     <span class='ocr_line' id='line_1_4' title="bbox 211 945 1308 1024; baseline 0.003 -17"><span class='ocrx_word' id='word_1_14' title='bbox 211 947 356 1007; x_wconf 77' lang='lat' dir='ltr'>firmitatis</span> <span class='ocrx_word' id='word_1_15' title='bbox 381 946 471 1007; x_wconf 89' lang='lat' dir='ltr'>robur</span> <span class='ocrx_word' id='word_1_16' title='bbox 497 946 636 1023; x_wconf 73' lang='lat' dir='ltr'><strong>optineat,</strong></span> <span class='ocrx_word' id='word_1_17' title='bbox 665 964 729 1006; x_wconf 89' lang='lat' dir='ltr'>eum</span> <span class='ocrx_word' id='word_1_18' title='bbox 753 945 883 1024; x_wconf 76' lang='lat' dir='ltr'><strong>presenti</strong></span> <span class='ocrx_word' id='word_1_19' title='bbox 909 946 1016 1023; x_wconf 88' lang='lat' dir='ltr'>scripto</span> <span class='ocrx_word' id='word_1_20' title='bbox 1042 948 1073 1005; x_wconf 90' lang='lat' dir='ltr'>et</span> <span class='ocrx_word' id='word_1_21' title='bbox 1098 946 1187 1023; x_wconf 79' lang='lat' dir='ltr'>sigilli</span> <span class='ocrx_word' id='word_1_22' title='bbox 1215 949 1308 1009; x_wconf 91' lang='lat' dir='ltr'>nostri</span> 
     </span>
     <span class='ocr_line' id='line_1_5' title="bbox 211 1026 1306 1105; baseline 0.003 -18"><span class='ocrx_word' id='word_1_23' title='bbox 211 1028 609 1105; x_wconf 80' lang='lat' dir='ltr'>opposicionercbcrsrimns.</span> <span class='ocrx_word' id='word_1_24' title='bbox 636 1026 1306 1105; x_wconf 79' lang='lat' dir='ltr'>HiistestibusRArcbidieconoHunte’dcn&#39;,</span> 
     </span>
     <span class='ocr_line' id='line_1_6' title="bbox 211 1106 1307 1187; baseline 0.004 -20"><span class='ocrx_word' id='word_1_25' title='bbox 211 1109 353 1187; x_wconf 79' lang='lat' dir='ltr'>Megietro</span> <span class='ocrx_word' id='word_1_26' title='bbox 366 1109 402 1169; x_wconf 79' lang='lat' dir='ltr'>R.</span> <span class='ocrx_word' id='word_1_27' title='bbox 418 1110 455 1169; x_wconf 92' lang='lat' dir='ltr'>de</span> <span class='ocrx_word' id='word_1_28' title='bbox 469 1110 568 1183; x_wconf 79' lang='lat' dir='ltr'>Oestr’,</span> <span class='ocrx_word' id='word_1_29' title='bbox 584 1108 723 1187; x_wconf 77' lang='lat' dir='ltr'>Magistro</span> <span class='ocrx_word' id='word_1_30' title='bbox 737 1106 786 1167; x_wconf 91' lang='lat' dir='ltr'>W.</span> <span class='ocrx_word' id='word_1_31' title='bbox 802 1106 839 1166; x_wconf 91' lang='lat' dir='ltr'>de</span> <span class='ocrx_word' id='word_1_32' title='bbox 852 1106 950 1181; x_wconf 87' lang='lat' dir='ltr'>Well&#39;‚</span> <span class='ocrx_word' id='word_1_33' title='bbox 964 1106 1000 1167; x_wconf 70' lang='lat' dir='ltr'>R.</span> <span class='ocrx_word' id='word_1_34' title='bbox 1015 1108 1163 1184; x_wconf 86' lang='lat' dir='ltr'>ospellsno</span> <span class='ocrx_word' id='word_1_35' title='bbox 1179 1110 1307 1171; x_wconf 83' lang='lat' dir='ltr'>cononic&#39;</span> 
     </span>
     <span class='ocr_line' id='line_1_7' title="bbox 211 1187 1307 1266; baseline 0.003 -17"><span class='ocrx_word' id='word_1_36' title='bbox 211 1190 353 1261; x_wconf 80' lang='lat' dir='ltr'>Lincoln&#39;,</span> <span class='ocrx_word' id='word_1_37' title='bbox 366 1189 455 1251; x_wconf 87' lang='lat' dir='ltr'>Petro</span> <span class='ocrx_word' id='word_1_38' title='bbox 478 1190 515 1249; x_wconf 91' lang='lat' dir='ltr'>de</span> <span class='ocrx_word' id='word_1_39' title='bbox 535 1189 684 1265; x_wconf 84' lang='lat' dir='ltr'>Wileton’,</span> <span class='ocrx_word' id='word_1_40' title='bbox 711 1187 853 1265; x_wconf 80' lang='lat' dir='ltr'>Megistro</span> <span class='ocrx_word' id='word_1_41' title='bbox 878 1188 915 1247; x_wconf 80' lang='lat' dir='ltr'>R.</span> <span class='ocrx_word' id='word_1_42' title='bbox 937 1188 975 1248; x_wconf 92' lang='lat' dir='ltr'>dc</span> <span class='ocrx_word' id='word_1_43' title='bbox 1001 1188 1184 1266; x_wconf 82' lang='lat' dir='ltr'>Tingeburst,</span> <span class='ocrx_word' id='word_1_44' title='bbox 1209 1192 1244 1251; x_wconf 79' lang='lat' dir='ltr'>B.</span> <span class='ocrx_word' id='word_1_45' title='bbox 1271 1192 1307 1252; x_wconf 93' lang='lat' dir='ltr'>de</span> 
     </span>
     <span class='ocr_line' id='line_1_8' title="bbox 211 1267 1308 1350; baseline 0.002 -19"><span class='ocrx_word' id='word_1_46' title='bbox 211 1270 336 1345; x_wconf 91' lang='lat' dir='ltr'>Bobum,</span> <span class='ocrx_word' id='word_1_47' title='bbox 349 1270 438 1332; x_wconf 92' lang='lat' dir='ltr'>Petro</span> <span class='ocrx_word' id='word_1_48' title='bbox 460 1271 498 1331; x_wconf 93' lang='lat' dir='ltr'>de</span> <span class='ocrx_word' id='word_1_49' title='bbox 520 1270 656 1346; x_wconf 87' lang='lat' dir='ltr'>Bethon&#39;,</span> <span class='ocrx_word' id='word_1_50' title='bbox 671 1268 820 1347; x_wconf 81' lang='lat' dir='ltr'>Stepbeno</span> <span class='ocrx_word' id='word_1_51' title='bbox 843 1267 880 1329; x_wconf 93' lang='lat' dir='ltr'>de</span> <span class='ocrx_word' id='word_1_52' title='bbox 904 1268 1021 1330; x_wconf 75' lang='lat' dir='ltr'>Oicestr’</span> <span class='ocrx_word' id='word_1_53' title='bbox 1032 1270 1145 1331; x_wconf 82' lang='lat' dir='ltr'>ctuliis.</span> <span class='ocrx_word' id='word_1_54' title='bbox 1173 1272 1242 1333; x_wconf 87' lang='lat' dir='ltr'>Det&#39;</span> <span class='ocrx_word' id='word_1_55' title='bbox 1256 1291 1308 1350; x_wconf 90' lang='lat' dir='ltr'>per</span> 
     </span>
     <span class='ocr_line' id='line_1_9' title="bbox 211 1348 1308 1429; baseline 0.004 -18"><span class='ocrx_word' id='word_1_56' title='bbox 211 1371 332 1411; x_wconf 86' lang='lat' dir='ltr'>menum</span> <span class='ocrx_word' id='word_1_57' title='bbox 340 1350 388 1412; x_wconf 89' lang='lat' dir='ltr'>W.</span> <span class='ocrx_word' id='word_1_58' title='bbox 401 1351 607 1412; x_wconf 84' lang='lat' dir='ltr'>Archidieconi</span> <span class='ocrx_word' id='word_1_59' title='bbox 617 1352 654 1411; x_wconf 90' lang='lat' dir='ltr'>de</span> <span class='ocrx_word' id='word_1_60' title='bbox 667 1350 766 1411; x_wconf 79' lang='lat' dir='ltr'>Stowe</span> <span class='ocrx_word' id='word_1_61' title='bbox 777 1349 858 1428; x_wconf 91' lang='lat' dir='ltr'>epud</span> <span class='ocrx_word' id='word_1_62' title='bbox 869 1348 1028 1429; x_wconf 77' lang='lat' dir='ltr'>Buggoden</span> <span class='ocrx_word' id='word_1_63' title='bbox 1041 1350 1071 1411; x_wconf 86' lang='lat' dir='ltr'>N</span> <span class='ocrx_word' id='word_1_64' title='bbox 1072 1349 1119 1413; x_wconf 88' lang='lat' dir='ltr'>on’</span> <span class='ocrx_word' id='word_1_65' title='bbox 1132 1351 1308 1415; x_wconf 82' lang='lat' dir='ltr'>Novembris</span> 
     </span>
     <span class='ocr_line' id='line_1_10' title="bbox 211 1432 720 1511; baseline 0 -18"><span class='ocrx_word' id='word_1_66' title='bbox 211 1432 401 1495; x_wconf 75' lang='lat' dir='ltr'>Pontificatus</span> <span class='ocrx_word' id='word_1_67' title='bbox 412 1433 506 1495; x_wconf 86' lang='lat' dir='ltr'>nostri</span> <span class='ocrx_word' id='word_1_68' title='bbox 518 1452 596 1495; x_wconf 83' lang='lat' dir='ltr'>enno</span> <span class='ocrx_word' id='word_1_69' title='bbox 608 1432 720 1511; x_wconf 88' lang='lat' dir='ltr'>quinto.</span> 
     </span>
    </p>
   </div>
   <div class='ocr_carea' id='block_1_3' title="bbox 209 1673 1309 3036">
    <p class='ocr_par' dir='ltr' id='par_1_3' title="bbox 211 1673 735 1738">
     <span class='ocr_line' id='line_1_11' title="bbox 211 1673 735 1738; baseline 0 -1"><span class='ocrx_word' id='word_1_70' title='bbox 211 1678 357 1737; x_wconf 72' lang='lat' dir='ltr'>wnooicie</span> <span class='ocrx_word' id='word_1_71' title='bbox 379 1678 415 1737; x_wconf 84' lang='lat' dir='ltr'>dc</span> <span class='ocrx_word' id='word_1_72' title='bbox 439 1673 533 1738; x_wconf 75' lang='lat' dir='ltr'>lbor&#39;.</span> <span class='ocrx_word' id='word_1_73' title='bbox 728 1694 735 1709; x_wconf 68' lang='lat'>⁸</span> 
     </span>
    </p>

    <p class='ocr_par' dir='ltr' id='par_1_4' title="bbox 209 1754 1309 3036">
     <span class='ocr_line' id='line_1_12' title="bbox 274 1754 1308 1835; baseline 0 -16"><span class='ocrx_word' id='word_1_74' title='bbox 274 1758 418 1819; x_wconf 76' lang='lat' dir='ltr'>Omnibus</span> <span class='ocrx_word' id='word_1_75' title='bbox 444 1756 556 1818; x_wconf 75' lang='lat' dir='ltr'>Christi</span> <span class='ocrx_word' id='word_1_76' title='bbox 580 1754 716 1816; x_wconf 88' lang='lat' dir='ltr'>fidelibus</span> <span class='ocrx_word' id='word_1_77' title='bbox 739 1754 792 1817; x_wconf 71' lang='lat' dir='ltr'>duc.</span> <span class='ocrx_word' id='word_1_78' title='bbox 848 1756 895 1818; x_wconf 88' lang='lat' dir='ltr'>Ut</span> <span class='ocrx_word' id='word_1_79' title='bbox 922 1774 956 1815; x_wconf 87' lang='lat' dir='ltr'>es</span> <span class='ocrx_word' id='word_1_80' title='bbox 987 1773 1044 1832; x_wconf 89' lang='lat' dir='ltr'>que</span> <span class='ocrx_word' id='word_1_81' title='bbox 1070 1754 1142 1815; x_wconf 90' lang='lat' dir='ltr'>locis</span> <span class='ocrx_word' id='word_1_82' title='bbox 1167 1756 1308 1835; x_wconf 80' lang='lat' dir='ltr'>religiosis</span> 
     </span>
     <span class='ocr_line' id='line_1_13' title="bbox 209 1836 1308 1916; baseline -0.001 -16"><span class='ocrx_word' id='word_1_83' title='bbox 209 1839 288 1916; x_wconf 85' lang='lat' dir='ltr'>juste</span> <span class='ocrx_word' id='word_1_84' title='bbox 315 1839 419 1899; x_wconf 88' lang='lat' dir='ltr'>collete</span> <span class='ocrx_word' id='word_1_85' title='bbox 437 1842 508 1898; x_wconf 85' lang='lat' dir='ltr'>sunt</span> <span class='ocrx_word' id='word_1_86' title='bbox 526 1842 666 1915; x_wconf 89' lang='lat' dir='ltr'>perpetuo</span> <span class='ocrx_word' id='word_1_87' title='bbox 685 1837 784 1898; x_wconf 85' lang='lat' dir='ltr'>relide</span> <span class='ocrx_word' id='word_1_88' title='bbox 810 1838 969 1899; x_wconf 83' lang='lat' dir='ltr'>consistent</span> <span class='ocrx_word' id='word_1_89' title='bbox 989 1840 1019 1895; x_wconf 91' lang='lat' dir='ltr'>et</span> <span class='ocrx_word' id='word_1_90' title='bbox 1038 1836 1138 1897; x_wconf 88' lang='lat' dir='ltr'>debite</span> <span class='ocrx_word' id='word_1_91' title='bbox 1163 1838 1308 1915; x_wconf 83' lang='lat' dir='ltr'>gendesnt</span> 
     </span>
     <span class='ocr_line' id='line_1_14' title="bbox 210 1918 1307 1996; baseline -0.001 -15"><span class='ocrx_word' id='word_1_92' title='bbox 210 1922 355 1996; x_wconf 77' lang='lat' dir='ltr'>firmitate,</span> <span class='ocrx_word' id='word_1_93' title='bbox 389 1939 443 1980; x_wconf 90' lang='lat' dir='ltr'>nos</span> <span class='ocrx_word' id='word_1_94' title='bbox 475 1918 678 1979; x_wconf 87' lang='lat' dir='ltr'>recionebilem</span> <span class='ocrx_word' id='word_1_95' title='bbox 716 1918 930 1979; x_wconf 76' lang='lat' dir='ltr'>concessionem</span> <span class='ocrx_word' id='word_1_96' title='bbox 967 1921 1066 1977; x_wconf 87' lang='lat' dir='ltr'>ssnote</span> <span class='ocrx_word' id='word_1_97' title='bbox 1097 1918 1307 1981; x_wconf 75' lang='lat' dir='ltr'>recordacionis</span> 
     </span>
     <span class='ocr_line' id='line_1_15' title="bbox 212 1998 1307 2081; baseline -0.003 -19"><span class='ocrx_word' id='word_1_98' title='bbox 212 2002 350 2081; x_wconf 82' lang='lat' dir='ltr'>Hugcnis</span> <span class='ocrx_word' id='word_1_99' title='bbox 376 2000 582 2080; x_wconf 73' lang='lat' dir='ltr'>predecessoris</span> <span class='ocrx_word' id='word_1_100' title='bbox 611 2000 704 2061; x_wconf 88' lang='lat' dir='ltr'>nostri</span> <span class='ocrx_word' id='word_1_101' title='bbox 730 2000 845 2061; x_wconf 85' lang='lat' dir='ltr'>dilectis</span> <span class='ocrx_word' id='word_1_102' title='bbox 871 1998 940 2061; x_wconf 82' lang='lat' dir='ltr'>filiis</span> <span class='ocrx_word' id='word_1_103' title='bbox 967 1998 1125 2061; x_wconf 81' lang='lat' dir='ltr'>Canonicis</span> <span class='ocrx_word' id='word_1_104' title='bbox 1159 2000 1195 2061; x_wconf 92' lang='lat' dir='ltr'>dc</span> <span class='ocrx_word' id='word_1_105' title='bbox 1221 2000 1307 2061; x_wconf 73' lang='lat' dir='ltr'>Thor’</span> 
     </span>
     <span class='ocr_line' id='line_1_16' title="bbox 212 2080 1308 2161; baseline 0 -18"><span class='ocrx_word' id='word_1_106' title='bbox 212 2083 249 2143; x_wconf 93' lang='lat' dir='ltr'>de</span> <span class='ocrx_word' id='word_1_107' title='bbox 288 2082 407 2143; x_wconf 90' lang='lat' dir='ltr'>ecclesie</span> <span class='ocrx_word' id='word_1_108' title='bbox 438 2081 476 2142; x_wconf 93' lang='lat' dir='ltr'>de</span> <span class='ocrx_word' id='word_1_109' title='bbox 509 2080 657 2143; x_wconf 80' lang='lat' dir='ltr'>Scitebroc</span> <span class='ocrx_word' id='word_1_110' title='bbox 689 2080 766 2141; x_wconf 87' lang='lat' dir='ltr'>sicut</span> <span class='ocrx_word' id='word_1_111' title='bbox 798 2082 934 2141; x_wconf 77' lang='lat' dir='ltr'>cononice</span> <span class='ocrx_word' id='word_1_112' title='bbox 966 2080 1043 2140; x_wconf 82' lang='lat' dir='ltr'>facts</span> <span class='ocrx_word' id='word_1_113' title='bbox 1076 2084 1120 2141; x_wconf 91' lang='lat' dir='ltr'>est</span> <span class='ocrx_word' id='word_1_114' title='bbox 1152 2081 1308 2161; x_wconf 75' lang='lat' dir='ltr'>episcopali</span> 
     </span>
     <span class='ocr_line' id='line_1_17' title="bbox 212 2161 1307 2241; baseline -0.001 -17"><span class='ocrx_word' id='word_1_115' title='bbox 212 2164 413 2224; x_wconf 86' lang='lat' dir='ltr'>confirmemus</span> <span class='ocrx_word' id='word_1_116' title='bbox 441 2164 620 2238; x_wconf 76' lang='lat' dir='ltr'>auctoritete,</span> <span class='ocrx_word' id='word_1_117' title='bbox 654 2162 732 2222; x_wconf 91' lang='lat' dir='ltr'>nulli</span> <span class='ocrx_word' id='word_1_118' title='bbox 760 2162 793 2221; x_wconf 89' lang='lat' dir='ltr'>in</span> <span class='ocrx_word' id='word_1_119' title='bbox 819 2164 886 2241; x_wconf 87' lang='lat' dir='ltr'>jure</span> <span class='ocrx_word' id='word_1_120' title='bbox 919 2180 971 2221; x_wconf 92' lang='lat' dir='ltr'>suo</span> <span class='ocrx_word' id='word_1_121' title='bbox 1003 2161 1134 2221; x_wconf 85' lang='lat' dir='ltr'>volentes</span> <span class='ocrx_word' id='word_1_122' title='bbox 1167 2182 1219 2241; x_wconf 92' lang='lat' dir='ltr'>per</span> <span class='ocrx_word' id='word_1_123' title='bbox 1251 2162 1307 2223; x_wconf 89' lang='lat' dir='ltr'>hoc</span> 
     </span>
     <span class='ocr_line' id='line_1_18' title="bbox 211 2242 1308 2323; baseline 0 -18"><span class='ocrx_word' id='word_1_124' title='bbox 211 2244 404 2323; x_wconf 84' lang='lat' dir='ltr'>prejudicium</span> <span class='ocrx_word' id='word_1_125' title='bbox 441 2244 561 2323; x_wconf 80' lang='lat' dir='ltr'>greveri.</span> <span class='ocrx_word' id='word_1_126' title='bbox 625 2243 719 2303; x_wconf 84' lang='lat' dir='ltr'>Selris</span> <span class='ocrx_word' id='word_1_127' title='bbox 757 2243 792 2303; x_wconf 93' lang='lat' dir='ltr'>in</span> <span class='ocrx_word' id='word_1_128' title='bbox 825 2242 961 2304; x_wconf 88' lang='lat' dir='ltr'>omnibus</span> <span class='ocrx_word' id='word_1_129' title='bbox 993 2242 1203 2321; x_wconf 77' lang='lat' dir='ltr'>episcopalibus</span> <span class='ocrx_word' id='word_1_130' title='bbox 1243 2263 1308 2305; x_wconf 90' lang='lat' dir='ltr'>oon·</span> 
     </span>
     <span class='ocr_line' id='line_1_19' title="bbox 211 2322 1309 2403; baseline -0.002 -16"><span class='ocrx_word' id='word_1_131' title='bbox 211 2326 417 2387; x_wconf 87' lang='lat' dir='ltr'>suetudinibus</span> <span class='ocrx_word' id='word_1_132' title='bbox 442 2330 473 2385; x_wconf 88' lang='lat' dir='ltr'>et</span> <span class='ocrx_word' id='word_1_133' title='bbox 499 2324 617 2386; x_wconf 87' lang='lat' dir='ltr'>ecclesie</span> <span class='ocrx_word' id='word_1_134' title='bbox 643 2323 775 2384; x_wconf 82' lang='lat' dir='ltr'>Idncolu&#39;</span> <span class='ocrx_word' id='word_1_135' title='bbox 802 2324 951 2402; x_wconf 82' lang='lat' dir='ltr'>dignitete.</span> <span class='ocrx_word' id='word_1_136' title='bbox 1004 2322 1044 2383; x_wconf 87' lang='lat' dir='ltr'>Et</span> <span class='ocrx_word' id='word_1_137' title='bbox 1076 2324 1110 2383; x_wconf 93' lang='lat' dir='ltr'>in</span> <span class='ocrx_word' id='word_1_138' title='bbox 1144 2324 1233 2403; x_wconf 76' lang='lat' dir='ltr'>hujus</span> <span class='ocrx_word' id='word_1_139' title='bbox 1266 2324 1309 2385; x_wconf 88' lang='lat' dir='ltr'>rei</span> 
     </span>
     <span class='ocr_line' id='line_1_20' title="bbox 213 2405 1308 2484; baseline -0.001 -16"><span class='ocrx_word' id='word_1_140' title='bbox 213 2407 412 2468; x_wconf 82' lang='lat' dir='ltr'>testimonium</span> <span class='ocrx_word' id='word_1_141' title='bbox 431 2406 559 2483; x_wconf 84' lang='lat' dir='ltr'>presenti</span> <span class='ocrx_word' id='word_1_142' title='bbox 577 2406 684 2484; x_wconf 89' lang='lat' dir='ltr'>scripto</span> <span class='ocrx_word' id='word_1_143' title='bbox 703 2405 833 2483; x_wconf 82' lang='lat' dir='ltr'>sigillum</span> <span class='ocrx_word' id='word_1_144' title='bbox 852 2410 984 2465; x_wconf 86' lang='lat' dir='ltr'>nostrum</span> <span class='ocrx_word' id='word_1_145' title='bbox 1003 2406 1197 2482; x_wconf 77' lang='lat' dir='ltr'>apposuimus.</span> <span class='ocrx_word' id='word_1_146' title='bbox 1239 2406 1308 2467; x_wconf 84' lang='lat' dir='ltr'>Hiis</span> 
     </span>
     <span class='ocr_line' id='line_1_21' title="bbox 212 2485 1308 2563; baseline -0.001 -15"><span class='ocrx_word' id='word_1_147' title='bbox 212 2489 336 2548; x_wconf 88' lang='lat' dir='ltr'>testibus</span> <span class='ocrx_word' id='word_1_148' title='bbox 348 2488 477 2549; x_wconf 87' lang='lat' dir='ltr'>Roberto</span> <span class='ocrx_word' id='word_1_149' title='bbox 496 2486 697 2547; x_wconf 83' lang='lat' dir='ltr'>erchidiecono</span> <span class='ocrx_word' id='word_1_150' title='bbox 716 2486 896 2561; x_wconf 89' lang='lat' dir='ltr'>Huntedon’,</span> <span class='ocrx_word' id='word_1_151' title='bbox 918 2485 1059 2563; x_wconf 78' lang='lat' dir='ltr'>Magistro</span> <span class='ocrx_word' id='word_1_152' title='bbox 1085 2486 1247 2563; x_wconf 79' lang='lat' dir='ltr'>Regineldo</span> <span class='ocrx_word' id='word_1_153' title='bbox 1272 2487 1308 2547; x_wconf 92' lang='lat' dir='ltr'>de</span> 
     </span>
     <span class='ocr_line' id='line_1_22' title="bbox 214 2566 1307 2647; baseline -0.003 -17"><span class='ocrx_word' id='word_1_154' title='bbox 214 2568 314 2643; x_wconf 70' lang='lat' dir='ltr'>Oestr’,</span> <span class='ocrx_word' id='word_1_155' title='bbox 327 2568 469 2647; x_wconf 73' lang='lat' dir='ltr'>Magistro</span> <span class='ocrx_word' id='word_1_156' title='bbox 481 2568 534 2629; x_wconf 86' lang='lat' dir='ltr'>W.</span> <span class='ocrx_word' id='word_1_157' title='bbox 547 2568 584 2628; x_wconf 90' lang='lat' dir='ltr'>de</span> <span class='ocrx_word' id='word_1_158' title='bbox 597 2568 695 2643; x_wconf 86' lang='lat' dir='ltr'>Well&#39;,</span> <span class='ocrx_word' id='word_1_159' title='bbox 714 2566 827 2646; x_wconf 77' lang='lat' dir='ltr'>Rogero</span> <span class='ocrx_word' id='word_1_160' title='bbox 851 2566 998 2644; x_wconf 86' lang='lat' dir='ltr'>cepellsno</span> <span class='ocrx_word' id='word_1_161' title='bbox 1022 2567 1147 2626; x_wconf 88' lang='lat' dir='ltr'>cenonio’</span> <span class='ocrx_word' id='word_1_162' title='bbox 1165 2568 1307 2643; x_wconf 86' lang='lat' dir='ltr'>Lincoln’,</span> 
     </span>
     <span class='ocr_line' id='line_1_23' title="bbox 212 2646 1308 2727; baseline -0.002 -16"><span class='ocrx_word' id='word_1_163' title='bbox 212 2650 342 2711; x_wconf 88' lang='lat' dir='ltr'>Mertino</span> <span class='ocrx_word' id='word_1_164' title='bbox 364 2652 402 2710; x_wconf 92' lang='lat' dir='ltr'>de</span> <span class='ocrx_word' id='word_1_165' title='bbox 424 2648 585 2722; x_wconf 86' lang='lat' dir='ltr'>Peteshull‚</span> <span class='ocrx_word' id='word_1_166' title='bbox 609 2649 751 2727; x_wconf 74' lang='lat' dir='ltr'>Magistro</span> <span class='ocrx_word' id='word_1_167' title='bbox 775 2648 812 2709; x_wconf 72' lang='lat' dir='ltr'>R.</span> <span class='ocrx_word' id='word_1_168' title='bbox 838 2648 874 2709; x_wconf 93' lang='lat' dir='ltr'>de</span> <span class='ocrx_word' id='word_1_169' title='bbox 898 2646 1021 2720; x_wconf 83' lang='lat' dir='ltr'>Gravel&#39;,</span> <span class='ocrx_word' id='word_1_170' title='bbox 1045 2647 1186 2725; x_wconf 83' lang='lat' dir='ltr'>Megistro</span> <span class='ocrx_word' id='word_1_171' title='bbox 1210 2648 1245 2709; x_wconf 88' lang='lat' dir='ltr'>R.</span> <span class='ocrx_word' id='word_1_172' title='bbox 1271 2649 1308 2709; x_wconf 88' lang='lat' dir='ltr'>de</span> 
     </span>
     <span class='ocr_line' id='line_1_24' title="bbox 213 2727 1308 2811; baseline -0.002 -20"><span class='ocrx_word' id='word_1_173' title='bbox 213 2731 418 2811; x_wconf 81' lang='lat' dir='ltr'>Thingeburst,</span> <span class='ocrx_word' id='word_1_174' title='bbox 442 2731 479 2791; x_wconf 87' lang='lat' dir='ltr'>R.</span> <span class='ocrx_word' id='word_1_175' title='bbox 504 2730 541 2790; x_wconf 92' lang='lat' dir='ltr'>de</span> <span class='ocrx_word' id='word_1_176' title='bbox 564 2729 691 2804; x_wconf 86' lang='lat' dir='ltr'>Bohum,</span> <span class='ocrx_word' id='word_1_177' title='bbox 704 2730 793 2790; x_wconf 91' lang='lat' dir='ltr'>Petro</span> <span class='ocrx_word' id='word_1_178' title='bbox 815 2730 852 2789; x_wconf 92' lang='lat' dir='ltr'>de</span> <span class='ocrx_word' id='word_1_179' title='bbox 877 2727 1025 2801; x_wconf 87' lang='lat' dir='ltr'>Wileton&#39;,</span> <span class='ocrx_word' id='word_1_180' title='bbox 1040 2727 1090 2789; x_wconf 90' lang='lat' dir='ltr'>W.</span> <span class='ocrx_word' id='word_1_181' title='bbox 1113 2728 1150 2788; x_wconf 92' lang='lat' dir='ltr'>dc</span> <span class='ocrx_word' id='word_1_182' title='bbox 1169 2728 1308 2803; x_wconf 87' lang='lat' dir='ltr'>Henton’,</span> 
     </span>
     <span class='ocr_line' id='line_1_25' title="bbox 213 2809 1309 2891; baseline -0.002 -19"><span class='ocrx_word' id='word_1_183' title='bbox 213 2812 300 2873; x_wconf 89' lang='lat' dir='ltr'>Petro</span> <span class='ocrx_word' id='word_1_184' title='bbox 314 2813 351 2872; x_wconf 89' lang='lat' dir='ltr'>de</span> <span class='ocrx_word' id='word_1_185' title='bbox 363 2812 498 2886; x_wconf 88' lang='lat' dir='ltr'>Bethon&#39;,</span> <span class='ocrx_word' id='word_1_186' title='bbox 513 2811 663 2891; x_wconf 78' lang='lat' dir='ltr'>Stephano</span> <span class='ocrx_word' id='word_1_187' title='bbox 675 2810 713 2871; x_wconf 90' lang='lat' dir='ltr'>de</span> <span class='ocrx_word' id='word_1_188' title='bbox 725 2810 844 2872; x_wconf 83' lang='lat' dir='ltr'>Cicestr’</span> <span class='ocrx_word' id='word_1_189' title='bbox 865 2815 895 2870; x_wconf 93' lang='lat' dir='ltr'>et</span> <span class='ocrx_word' id='word_1_190' title='bbox 914 2810 987 2869; x_wconf 89' lang='lat' dir='ltr'>eliis.</span> <span class='ocrx_word' id='word_1_191' title='bbox 1029 2809 1099 2870; x_wconf 86' lang='lat' dir='ltr'>Dst&#39;</span> <span class='ocrx_word' id='word_1_192' title='bbox 1119 2828 1171 2883; x_wconf 91' lang='lat' dir='ltr'>per</span> <span class='ocrx_word' id='word_1_193' title='bbox 1189 2830 1309 2871; x_wconf 87' lang='lat' dir='ltr'>menum</span> 
     </span>
     <span class='ocr_line' id='line_1_26' title="bbox 212 2890 1309 2972; baseline -0.002 -18"><span class='ocrx_word' id='word_1_194' title='bbox 212 2893 261 2955; x_wconf 90' lang='lat' dir='ltr'>W.</span> <span class='ocrx_word' id='word_1_195' title='bbox 275 2894 313 2953; x_wconf 92' lang='lat' dir='ltr'>de</span> <span class='ocrx_word' id='word_1_196' title='bbox 325 2894 465 2954; x_wconf 84' lang='lat' dir='ltr'>Thornsc&#39;</span> <span class='ocrx_word' id='word_1_197' title='bbox 478 2892 685 2953; x_wconf 84' lang='lat' dir='ltr'>Archidieconi</span> <span class='ocrx_word' id='word_1_198' title='bbox 696 2892 734 2953; x_wconf 93' lang='lat' dir='ltr'>de</span> <span class='ocrx_word' id='word_1_199' title='bbox 747 2892 847 2953; x_wconf 83' lang='lat' dir='ltr'>Stowe</span> <span class='ocrx_word' id='word_1_200' title='bbox 865 2890 945 2972; x_wconf 88' lang='lat' dir='ltr'>epud</span> <span class='ocrx_word' id='word_1_201' title='bbox 959 2890 1142 2952; x_wconf 86' lang='lat' dir='ltr'>Lincolniem</span> <span class='ocrx_word' id='word_1_202' title='bbox 1154 2896 1238 2953; x_wconf 84' lang='lat' dir='ltr'>sexto</span> <span class='ocrx_word' id='word_1_203' title='bbox 1250 2891 1309 2952; x_wconf 84' lang='lat' dir='ltr'>kel’</span> 
     </span>
     <span class='ocr_line' id='line_1_27' title="bbox 212 2972 850 3036; baseline 0 -1"><span class='ocrx_word' id='word_1_204' title='bbox 212 2972 234 3035; x_wconf 85' lang='lat' dir='ltr'>J</span> <span class='ocrx_word' id='word_1_205' title='bbox 233 2976 346 3036; x_wconf 84' lang='lat' dir='ltr'>enuurii</span> <span class='ocrx_word' id='word_1_206' title='bbox 359 2974 550 3036; x_wconf 78' lang='lat' dir='ltr'>Pontificatus</span> <span class='ocrx_word' id='word_1_207' title='bbox 562 2974 656 3034; x_wconf 87' lang='lat' dir='ltr'>nostri</span> <span class='ocrx_word' id='word_1_208' title='bbox 667 2992 746 3035; x_wconf 89' lang='lat' dir='ltr'>enno</span> <span class='ocrx_word' id='word_1_209' title='bbox 758 2977 850 3035; x_wconf 86' lang='lat' dir='ltr'>sexto.</span> 
     </span>
    </p>
   </div>
   <div class='ocr_carea' id='block_1_4' title="bbox 211 3134 1408 4109">
    <p class='ocr_par' dir='ltr' id='par_1_5' title="bbox 274 3134 1408 3213">
     <span class='ocr_line' id='line_1_28' title="bbox 274 3134 1408 3213; baseline -0.002 -17"><span class='ocrx_word' id='word_1_210' title='bbox 274 3136 655 3213; x_wconf 68' lang='lat' dir='ltr'>nemsssropceeiomb..</span> <span class='ocrx_word' id='word_1_211' title='bbox 677 3180 684 3196; x_wconf 98' lang='lat'><strong>.</strong></span> <span class='ocrx_word' id='word_1_212' title='bbox 706 3153 928 3212; x_wconf 76' lang='lat' dir='ltr'>.euepeceomm</span> <span class='ocrx_word' id='word_1_213' title='bbox 941 3134 1115 3195; x_wconf 71' lang='lat' dir='ltr'>clericorum</span> <span class='ocrx_word' id='word_1_214' title='bbox 1405 3170 1408 3176; x_wconf 90' lang='lat'><em>·</em></span> 
     </span>
    </p>

    <p class='ocr_par' dir='ltr' id='par_1_6' title="bbox 211 3214 1310 4109">
     <span class='ocr_line' id='line_1_29' title="bbox 272 3214 1308 3297; baseline -0.002 -20"><span class='ocrx_word' id='word_1_215' title='bbox 272 3219 365 3295; x_wconf 81' lang='lat' dir='ltr'>Hugc</span> <span class='ocrx_word' id='word_1_216' title='bbox 392 3218 441 3277; x_wconf 91' lang='lat' dir='ltr'>dei</span> <span class='ocrx_word' id='word_1_217' title='bbox 458 3219 551 3297; x_wconf 78' lang='lat' dir='ltr'>gretie</span> <span class='ocrx_word' id='word_1_218' title='bbox 577 3215 709 3280; x_wconf 85' lang='lat' dir='ltr'>Lincoln&#39;</span> <span class='ocrx_word' id='word_1_219' title='bbox 735 3217 897 3295; x_wconf 88' lang='lat' dir='ltr'>Episcopus</span> <span class='ocrx_word' id='word_1_220' title='bbox 917 3215 1030 3277; x_wconf 90' lang='lat' dir='ltr'>dilectis</span> <span class='ocrx_word' id='word_1_221' title='bbox 1048 3216 1082 3275; x_wconf 93' lang='lat' dir='ltr'>in</span> <span class='ocrx_word' id='word_1_222' title='bbox 1102 3214 1220 3277; x_wconf 81' lang='lat' dir='ltr'>Christo</span> <span class='ocrx_word' id='word_1_223' title='bbox 1239 3214 1308 3275; x_wconf 90' lang='lat' dir='ltr'>filiis</span> 
     </span>
     <span class='ocr_line' id='line_1_30' title="bbox 212 3296 1309 3376; baseline -0.002 -19"><span class='ocrx_word' id='word_1_224' title='bbox 212 3296 320 3376; x_wconf 79' lang='lat' dir='ltr'>Majori</span> <span class='ocrx_word' id='word_1_225' title='bbox 345 3302 375 3358; x_wconf 91' lang='lat' dir='ltr'>et</span> <span class='ocrx_word' id='word_1_226' title='bbox 395 3318 547 3359; x_wconf 89' lang='lat' dir='ltr'>commune</span> <span class='ocrx_word' id='word_1_227' title='bbox 570 3296 673 3373; x_wconf 84' lang='lat' dir='ltr'>Oxon&#39;,</span> <span class='ocrx_word' id='word_1_228' title='bbox 695 3296 828 3360; x_wconf 75' lang='lat' dir='ltr'>Salutem</span> <span class='ocrx_word' id='word_1_229' title='bbox 851 3300 881 3357; x_wconf 89' lang='lat' dir='ltr'>et</span> <span class='ocrx_word' id='word_1_230' title='bbox 903 3296 1142 3357; x_wconf 87' lang='lat' dir='ltr'>benedictionem.</span> <span class='ocrx_word' id='word_1_231' title='bbox 1183 3296 1309 3357; x_wconf 84' lang='lat' dir='ltr'>Noverit</span> 
     </span>
     <span class='ocr_line' id='line_1_31' title="bbox 212 3376 1307 3456; baseline -0.002 -17"><span class='ocrx_word' id='word_1_232' title='bbox 212 3380 385 3439; x_wconf 79' lang='lat' dir='ltr'>universitas</span> <span class='ocrx_word' id='word_1_233' title='bbox 401 3380 508 3441; x_wconf 76' lang='lat' dir='ltr'>‘vestre</span> <span class='ocrx_word' id='word_1_234' title='bbox 533 3380 686 3440; x_wconf 90' lang='lat' dir='ltr'>dominum</span> <span class='ocrx_word' id='word_1_235' title='bbox 712 3379 848 3439; x_wconf 86' lang='lat' dir='ltr'>ebbetem</span> <span class='ocrx_word' id='word_1_236' title='bbox 874 3382 904 3440; x_wconf 91' lang='lat' dir='ltr'>et</span> <span class='ocrx_word' id='word_1_237' title='bbox 930 3382 1107 3439; x_wconf 88' lang='lat' dir='ltr'>conventum</span> <span class='ocrx_word' id='word_1_238' title='bbox 1132 3376 1307 3456; x_wconf 77' lang='lat' dir='ltr'>Eyneshem&#39;</span> 
     </span>
     <span class='ocr_line' id='line_1_32' title="bbox 212 3454 1310 3541; baseline -0.002 -20"><span class='ocrx_word' id='word_1_239' title='bbox 212 3479 286 3521; x_wconf 87' lang='lat' dir='ltr'>onus</span> <span class='ocrx_word' id='word_1_240' title='bbox 294 3460 328 3521; x_wconf 91' lang='lat' dir='ltr'>in</span> <span class='ocrx_word' id='word_1_241' title='bbox 341 3480 373 3521; x_wconf 92' lang='lat' dir='ltr'>se</span> <span class='ocrx_word' id='word_1_242' title='bbox 392 3462 549 3541; x_wconf 85' lang='lat' dir='ltr'>suscepisse</span> <span class='ocrx_word' id='word_1_243' title='bbox 561 3459 702 3521; x_wconf 88' lang='lat' dir='ltr'>reddendi</span> <span class='ocrx_word' id='word_1_244' title='bbox 709 3454 838 3539; x_wconf 68' lang='lat' dir='ltr'>lingulis</span> <span class='ocrx_word' id='word_1_245' title='bbox 851 3459 935 3519; x_wconf 91' lang='lat' dir='ltr'>ennie</span> <span class='ocrx_word' id='word_1_246' title='bbox 947 3460 1161 3538; x_wconf 84' lang='lat' dir='ltr'>inperpetuum</span> <span class='ocrx_word' id='word_1_247' title='bbox 1180 3459 1310 3537; x_wconf 87' lang='lat' dir='ltr'>quinque</span> 
     </span>
     <span class='ocr_line' id='line_1_33' title="bbox 212 3540 1308 3620; baseline 0 -19"><span class='ocrx_word' id='word_1_248' title='bbox 212 3560 321 3601; x_wconf 89' lang='lat' dir='ltr'>merces</span> <span class='ocrx_word' id='word_1_249' title='bbox 334 3546 364 3602; x_wconf 90' lang='lat' dir='ltr'>et</span> <span class='ocrx_word' id='word_1_250' title='bbox 376 3541 452 3603; x_wconf 90' lang='lat' dir='ltr'>duos</span> <span class='ocrx_word' id='word_1_251' title='bbox 467 3542 575 3602; x_wconf 90' lang='lat' dir='ltr'>solidos</span> <span class='ocrx_word' id='word_1_252' title='bbox 588 3560 640 3619; x_wconf 91' lang='lat' dir='ltr'>pro</span> <span class='ocrx_word' id='word_1_253' title='bbox 659 3541 745 3602; x_wconf 83' lang='lat' dir='ltr'>vobis</span> <span class='ocrx_word' id='word_1_254' title='bbox 756 3559 831 3618; x_wconf 92' lang='lat' dir='ltr'>quos</span> <span class='ocrx_word' id='word_1_255' title='bbox 843 3560 896 3601; x_wconf 83' lang='lat' dir='ltr'>ros</span> <span class='ocrx_word' id='word_1_256' title='bbox 909 3560 947 3601; x_wconf 83' lang='lat' dir='ltr'>ex</span> <span class='ocrx_word' id='word_1_257' title='bbox 959 3541 1122 3620; x_wconf 80' lang='lat' dir='ltr'>provisione</span> <span class='ocrx_word' id='word_1_258' title='bbox 1135 3540 1308 3601; x_wconf 74' lang='lat' dir='ltr'>venerabilis</span> 
     </span>
     <span class='ocr_line' id='line_1_34' title="bbox 211 3620 1309 3733; baseline -0.002 -50"><span class='ocrx_word' id='word_1_259' title='bbox 211 3622 402 3733; x_wconf 60' lang='lat' dir='ltr'>petmenpsbi</span> <span class='ocrx_word' id='word_1_260' title='bbox 411 3623 450 3683; x_wconf 83' lang='lat' dir='ltr'>N.</span> <span class='ocrx_word' id='word_1_261' title='bbox 462 3622 511 3683; x_wconf 92' lang='lat' dir='ltr'>dei</span> <span class='ocrx_word' id='word_1_262' title='bbox 517 3623 610 3718; x_wconf 72' lang='lat' dir='ltr'>gretie</span> <span class='ocrx_word' id='word_1_263' title='bbox 616 3622 769 3717; x_wconf 74' lang='lat' dir='ltr'>Tusculen&#39;</span> <span class='ocrx_word' id='word_1_264' title='bbox 777 3622 917 3701; x_wconf 87' lang='lat' dir='ltr'>Episcopi</span> <span class='ocrx_word' id='word_1_265' title='bbox 928 3627 963 3729; x_wconf 64' lang='lat' dir='ltr'>ct</span> <span class='ocrx_word' id='word_1_266' title='bbox 968 3623 1124 3700; x_wconf 89' lang='lat' dir='ltr'>spostolice</span> <span class='ocrx_word' id='word_1_267' title='bbox 1136 3621 1213 3683; x_wconf 85' lang='lat' dir='ltr'>sedis</span> <span class='ocrx_word' id='word_1_268' title='bbox 1220 3620 1309 3699; x_wconf 75' lang='lat' dir='ltr'>legati</span> 
     </span>
     <span class='ocr_line' id='line_1_35' title="bbox 211 3702 1309 3867; baseline -0.002 -22"><span class='ocrx_word' id='word_1_269' title='bbox 211 3722 370 3867; x_wconf 55' lang='lat' dir='ltr'>iffi</span> <span class='ocrx_word' id='word_1_270' title='bbox 369 3705 559 3846; x_wconf 59' lang='lat' dir='ltr'>‘iffi</span> <span class='ocrx_word' id='word_1_271' title='bbox 559 3724 577 3764; x_wconf 89' lang='lat'>⁰</span> <span class='ocrx_word' id='word_1_272' title='bbox 590 3704 767 3845; x_wconf 58' lang='lat' dir='ltr'>istut</span> <span class='ocrx_word' id='word_1_273' title='bbox 776 3702 964 3845; x_wconf 56' lang='lat' dir='ltr'>stifft</span> <span class='ocrx_word' id='word_1_274' title='bbox 976 3703 1309 3863; x_wconf 49' lang='lat' dir='ltr'>&amp;diffidit</span> 
     </span>
     <span class='ocr_line' id='line_1_36' title="bbox 211 3864 1309 3945; baseline -0.001 -19"><span class='ocrx_word' id='word_1_275' title='bbox 211 3866 249 3926; x_wconf 91' lang='lat' dir='ltr'>eb</span> <span class='ocrx_word' id='word_1_276' title='bbox 262 3886 348 3927; x_wconf 89' lang='lat' dir='ltr'>onere</span> <span class='ocrx_word' id='word_1_277' title='bbox 360 3866 490 3945; x_wconf 90' lang='lat' dir='ltr'>predicto</span> <span class='ocrx_word' id='word_1_278' title='bbox 500 3886 522 3928; x_wconf 88' lang='lat' dir='ltr'>v</span> <span class='ocrx_word' id='word_1_279' title='bbox 530 3884 689 3927; x_wconf 88' lang='lat' dir='ltr'>mercsrum</span> <span class='ocrx_word' id='word_1_280' title='bbox 699 3869 729 3925; x_wconf 93' lang='lat' dir='ltr'>et</span> <span class='ocrx_word' id='word_1_281' title='bbox 742 3866 764 3943; x_wconf 86' lang='lat' dir='ltr'>ij</span> <span class='ocrx_word' id='word_1_282' title='bbox 779 3865 938 3926; x_wconf 90' lang='lat' dir='ltr'>solidorum</span> <span class='ocrx_word' id='word_1_283' title='bbox 947 3884 999 3943; x_wconf 88' lang='lat' dir='ltr'>pro</span> <span class='ocrx_word' id='word_1_284' title='bbox 1009 3866 1094 3925; x_wconf 92' lang='lat' dir='ltr'>uobis</span> <span class='ocrx_word' id='word_1_285' title='bbox 1104 3870 1134 3927; x_wconf 89' lang='lat' dir='ltr'>ot</span> <span class='ocrx_word' id='word_1_286' title='bbox 1144 3864 1309 3925; x_wconf 87' lang='lat' dir='ltr'>successori·</span> 
     </span>
     <span class='ocr_line' id='line_1_37' title="bbox 211 3946 1309 4025; baseline -0.001 -20"><span class='ocrx_word' id='word_1_287' title='bbox 211 3946 267 4008; x_wconf 90' lang='lat' dir='ltr'>bus</span> <span class='ocrx_word' id='word_1_288' title='bbox 279 3948 386 4009; x_wconf 89' lang='lat' dir='ltr'>nostris</span> <span class='ocrx_word' id='word_1_289' title='bbox 397 3948 611 4025; x_wconf 87' lang='lat' dir='ltr'>imperpetuum</span> <span class='ocrx_word' id='word_1_290' title='bbox 624 3947 738 4025; x_wconf 88' lang='lat' dir='ltr'>quietos</span> <span class='ocrx_word' id='word_1_291' title='bbox 751 3946 914 4007; x_wconf 76' lang='lat' dir='ltr'>clamemus</span> <span class='ocrx_word' id='word_1_292' title='bbox 954 3946 995 4007; x_wconf 87' lang='lat' dir='ltr'>Et</span> <span class='ocrx_word' id='word_1_293' title='bbox 1008 3951 1042 4007; x_wconf 90' lang='lat' dir='ltr'>ut</span> <span class='ocrx_word' id='word_1_294' title='bbox 1054 3946 1110 4007; x_wconf 92' lang='lat' dir='ltr'>hoc</span> <span class='ocrx_word' id='word_1_295' title='bbox 1119 3946 1196 4006; x_wconf 90' lang='lat' dir='ltr'>nulli</span> <span class='ocrx_word' id='word_1_296' title='bbox 1208 3946 1309 4006; x_wconf 83' lang='lat' dir='ltr'>reniet</span> 
     </span>
     <span class='ocr_line' id='line_1_38' title="bbox 211 4027 1142 4109; baseline 0.001 -21"><span class='ocrx_word' id='word_1_297' title='bbox 211 4028 245 4088; x_wconf 93' lang='lat' dir='ltr'>in</span> <span class='ocrx_word' id='word_1_298' title='bbox 257 4028 381 4091; x_wconf 90' lang='lat' dir='ltr'>dubium</span> <span class='ocrx_word' id='word_1_299' title='bbox 393 4030 521 4109; x_wconf 86' lang='lat' dir='ltr'>presenti</span> <span class='ocrx_word' id='word_1_300' title='bbox 534 4030 641 4107; x_wconf 87' lang='lat' dir='ltr'>scripto</span> <span class='ocrx_word' id='word_1_301' title='bbox 654 4028 784 4108; x_wconf 78' lang='lat' dir='ltr'>sigillum</span> <span class='ocrx_word' id='word_1_302' title='bbox 796 4033 930 4090; x_wconf 87' lang='lat' dir='ltr'>nostrum</span> <span class='ocrx_word' id='word_1_303' title='bbox 943 4027 1142 4106; x_wconf 79' lang='lat' dir='ltr'>appendimus.</span> 
     </span>
    </p>
   </div>
   <div class='ocr_carea' id='block_1_5' title="bbox 271 4191 1314 4351">
    <p class='ocr_par' dir='ltr' id='par_1_7' title="bbox 271 4191 1314 4351">
     <span class='ocr_line' id='line_1_39' title="bbox 271 4191 890 4268; baseline -0.011 -10"><span class='ocrx_word' id='word_1_304' title='bbox 271 4203 543 4260; x_wconf 71' lang='grc' dir='ltr'><strong>ΑΡΡΒΟΡΒΙΑΟΙΟ</strong></span> <span class='ocrx_word' id='word_1_305' title='bbox 561 4192 668 4268; x_wconf 76' lang='lat' dir='ltr'>capelle</span> <span class='ocrx_word' id='word_1_306' title='bbox 680 4192 716 4251; x_wconf 79' lang='lat' dir='ltr'>dc</span> <span class='ocrx_word' id='word_1_307' title='bbox 732 4191 890 4252; x_wconf 80' lang='lat' dir='ltr'>Orouletou.</span> 
     </span>
     <span class='ocr_line' id='line_1_40' title="bbox 272 4268 1314 4351; baseline -0.002 -20"><span class='ocrx_word' id='word_1_308' title='bbox 272 4271 417 4332; x_wconf 89' lang='lat' dir='ltr'>Omnibus</span> <span class='ocrx_word' id='word_1_309' title='bbox 425 4271 476 4333; x_wconf 75' lang='lat' dir='ltr'>dec.</span> <span class='ocrx_word' id='word_1_310' title='bbox 518 4272 594 4334; x_wconf 85' lang='lat' dir='ltr'>Cum</span> <span class='ocrx_word' id='word_1_311' title='bbox 607 4292 642 4332; x_wconf 93' lang='lat' dir='ltr'>ee</span> <span class='ocrx_word' id='word_1_312' title='bbox 660 4291 718 4351; x_wconf 90' lang='lat' dir='ltr'>que</span> <span class='ocrx_word' id='word_1_313' title='bbox 736 4272 808 4332; x_wconf 89' lang='lat' dir='ltr'>locis</span> <span class='ocrx_word' id='word_1_314' title='bbox 830 4270 970 4349; x_wconf 84' lang='lat' dir='ltr'>religiosis</span> <span class='ocrx_word' id='word_1_315' title='bbox 982 4270 1192 4331; x_wconf 74' lang='lat' dir='ltr'>racionabiliter</span> <span class='ocrx_word' id='word_1_316' title='bbox 1204 4268 1314 4341; x_wconf 84' lang='lat' dir='ltr'>eollete</span> 
     </span>
    </p>
   </div>
   <div class='ocr_carea' id='block_1_6' title="bbox 211 4350 1308 4510">
    <p class='ocr_par' dir='ltr' id='par_1_8' title="bbox 211 4350 1308 4510">
     <span class='ocr_line' id='line_1_41' title="bbox 211 4350 1308 4431; baseline -0.004 -18"><span class='ocrx_word' id='word_1_317' title='bbox 211 4357 281 4413; x_wconf 89' lang='lat' dir='ltr'>sunt</span> <span class='ocrx_word' id='word_1_318' title='bbox 303 4353 386 4431; x_wconf 89' lang='lat' dir='ltr'>piurn</span> <span class='ocrx_word' id='word_1_319' title='bbox 405 4353 446 4414; x_wconf 89' lang='lat' dir='ltr'>sit</span> <span class='ocrx_word' id='word_1_320' title='bbox 465 4359 604 4431; x_wconf 87' lang='lat' dir='ltr'>perpetuo</span> <span class='ocrx_word' id='word_1_321' title='bbox 624 4354 764 4426; x_wconf 74' lang='lat' dir='ltr'>roborare,</span> <span class='ocrx_word' id='word_1_322' title='bbox 784 4372 839 4413; x_wconf 91' lang='lat' dir='ltr'>nos</span> <span class='ocrx_word' id='word_1_323' title='bbox 857 4352 970 4413; x_wconf 87' lang='lat' dir='ltr'>intuitu</span> <span class='ocrx_word' id='word_1_324' title='bbox 990 4351 1092 4412; x_wconf 87' lang='lat' dir='ltr'>divino</span> <span class='ocrx_word' id='word_1_325' title='bbox 1111 4350 1250 4427; x_wconf 78' lang='lat' dir='ltr'>capellum</span> <span class='ocrx_word' id='word_1_326' title='bbox 1270 4350 1308 4409; x_wconf 92' lang='lat' dir='ltr'>de</span> 
     </span>
     <span class='ocr_line' id='line_1_42' title="bbox 212 4430 1308 4510; baseline -0.007 -13"><span class='ocrx_word' id='word_1_327' title='bbox 212 4434 369 4497; x_wconf 86' lang='lat' dir='ltr'>Grouleton</span> <span class='ocrx_word' id='word_1_328' title='bbox 383 4435 420 4495; x_wconf 90' lang='lat' dir='ltr'>de</span> <span class='ocrx_word' id='word_1_329' title='bbox 433 4453 575 4496; x_wconf 89' lang='lat' dir='ltr'>consensu</span> <span class='ocrx_word' id='word_1_330' title='bbox 589 4434 734 4497; x_wconf 85' lang='lat' dir='ltr'>Guidonis</span> <span class='ocrx_word' id='word_1_331' title='bbox 746 4434 784 4494; x_wconf 90' lang='lat' dir='ltr'>de</span> <span class='ocrx_word' id='word_1_332' title='bbox 796 4435 826 4495; x_wconf 86' lang='lat' dir='ltr'>le</span> <span class='ocrx_word' id='word_1_333' title='bbox 839 4434 915 4493; x_wconf 85' lang='lat' dir='ltr'>Hsie</span> <span class='ocrx_word' id='word_1_334' title='bbox 929 4433 1044 4510; x_wconf 86' lang='lat' dir='ltr'>petroni</span> <span class='ocrx_word' id='word_1_335' title='bbox 1056 4432 1186 4510; x_wconf 83' lang='lat' dir='ltr'>ejusdem</span> <span class='ocrx_word' id='word_1_336' title='bbox 1200 4430 1308 4508; x_wconf 81' lang='lat' dir='ltr'>capelle</span> 
     </span>
    </p>
   </div>
   <div class='ocr_carea' id='block_1_7' title="bbox 0 0 1603 5367">
    <p class='ocr_par' dir='ltr' id='par_1_9' title="bbox 0 0 1603 5367">
     <span class='ocr_line' id='line_1_43' title="bbox 0 0 1603 5367; baseline 0 0"><span class='ocrx_word' id='word_1_337' title='bbox 0 0 1603 5367; x_wconf 95' lang='lat' dir='ltr'> </span> 
     </span>
    </p>
   </div>
  </div>
 </body>
</html>
