3192 5367
261 551 305 617 86
651 566 759 621 nm
777 564 957 631 amomis

261 704 404 795 capellani
430 733 551 795 persone
575 714 658 775 illius
683 716 802 776 seelesie
828 722 859 777 et
884 734 1079 795 summum
1104 734 1220 777 suorum
1247 716 1302 795 qui
1324 715 1363 775 ud

261 816 444 859 eommunem
462 797 709 875 presentationem
727 798 873 858 diatonum
892 798 996 875 prioris
1014 802 1045 857 et
1061 802 1221 859 eonventua
1233 803 1264 857 et
1277 796 1364 857 dilen

260 884 357 940 tarum
366 880 400 939 in
408 878 526 939 Christo
535 877 662 937 filiarum
673 878 809 957 priorisse
822 884 853 939 et
865 883 1026 939 nonventns
1039 878 1077 938 de
1086 878 1242 949 aneield
1253 880 1287 939 in
1299 882 1364 938 tota

260 962 382 1021 eeclesia
394 980 446 1038 pro
458 965 589 1036 tempore
606 958 717 1019 inerint
736 960 875 1021 instituti.
919 958 1016 1021 Sulvie
1036 960 1069 1019 in
1084 960 1220 1020 omnibus
1233 961 1279 1020 tn
1322 960 1363 1019 Et

260 1046 295 1101 nt
313 1042 369 1103 hee
388 1045 488 1101 nostra
507 1040 654 1101 eennessie
677 1040 725 1103 &n
765 1042 903 1103 Testibns
926 1046 957 1101 et
975 1040 1045 1101 Dat’
1065 1046 1100 1102 ut
1122 1060 1210 1120 supra
1231 1040 1266 1101 in
1284 1044 1362 1101 cartu

259 1123 380 1197 decime,
393 1142 471 1183 anne
483 1122 537 1183 ix⁰.

318 1302 339 1355 ‚J
351 1296 505 1355 Αυκευε
516 1284 552 1343 is
563 1284 658 1344 atrae
670 1284 823 1345 medietate
836 1286 969 1362 emen.

319 1366 476 1427 Universis
502 1364 558 1426 διο.
599 1366 723 1433 Neuerit
749 1367 924 1427 nniversitss
950 1372 1049 1430 vestra
1075 1384 1130 1426 noe
1156 1364 1193 1425 de
1219 1383 1362 1425 consensu

258 1448 366 1527 Rogati
374 1446 487 1507 Denuni
499 1451 530 1507 et
540 1446 671 1525 capituli
683 1448 776 1507 nostri
784 1448 868 1509 Line'
878 1449 979 1511 divine
991 1448 1109 1528 pietatis
1121 1446 1234 1507 intuitu
1247 1446 1361 1505 dedisse

258 1535 290 1591 et
312 1528 485 1591 concessisse
507 1527 623 1588 dilectis
645 1528 680 1587 in
702 1528 823 1589 christo
847 1530 964 1593 filiabus
990 1529 1125 1610 prieneo
1148 1532 1179 1587 et
1201 1526 1362 1587 conventui

258 1611 435 1672 Menialinm
455 1609 493 1669 de
512 1608 673 1669 Gmneield
695 1627 789 1669 unum
812 1629 932 1672 aureum
954 1614 987 1673 in
1009 1610 1166 1671 medietate
1185 1608 1303 1668 enclesis
1322 1607 1361 1667 de

257 1693 381 1769 Beseby‚
395 1710 454 1769 que
472 1690 614 1751 medietas
632 1691 671 1751 de
690 1709 789 1750 eurum
808 1691 1001 1755 mvoeudone
1020 1697 1074 1767 est,
1087 1690 1206 1751 nomine
1226 1690 1361 1767 perpetui

257 1773 392 1834 benetimi
413 1772 537 1849 singulis
562 1772 648 1831 annis
673 1770 707 1831 in
733 1772 809 1833 festo
832 1773 863 1835 S.
890 1775 1044 1836 Michaelis
1066 1770 1286 1851 percipiendum
1308 1789 1361 1848 per

255 1874 361 1929 manns
386 1852 498 1913 Thome
529 1852 568 1913 de
592 1852 711 1913 Norton
742 1854 885 1931 capellani
916 1874 1038 1936 pemeus
1070 1854 1152 1913 illins
1185 1852 1303 1912 eeclesie
1329 1856 1360 1911 et

255 1953 452 1997 sneeemornm
474 1952 593 1994 suerum
613 1934 666 2012 qni
688 1935 726 1994 ud
746 1954 930 1997 communem
951 1934 1195 2016 presentseieuem
1217 1932 1361 1993 dietas-um

254 2018 391 2095 priorisse
403 2019 434 2075 et
450 2015 622 2075 monialium
642 2019 673 2075 et
691 2015 865 2077 dilectorum
884 2019 1048 2081 incurrero
1067 2014 1194 2077 filiorum
1213 2014 1317 2092 prioris
1329 2018 1361 2073 et

256 2102 417 2159 eonventns
429 2097 467 2155 de
479 2084 626 2175 Mnikeby
634 2096 668 2155 in
681 2100 744 2157 teta
756 2098 877 2159 euclem
888 2119 941 2178 pro
954 2106 1084 2178 tempore
1096 2096 1206 2157 fuerint
1218 2095 1358 2155 instituti.
1459 2139 1466 2151 .

256 2179 354 2240 Salvis
366 2178 400 2237 in
412 2177 557 2251 omnibns,
572 2178 620 2237 &e
662 2178 704 2237 Et
722 2183 758 2238 ut
776 2178 832 2240 hee
850 2186 951 2243 nestra
963 2178 1119 2253 renuendo,
1132 2178 1180 2238 te.
1222 2176 1360 2237 Testibna

256 2266 287 2321 et
299 2260 368 2320 Dut’
382 2267 417 2321 nt
429 2258 562 2337 supruin
575 2259 790 2321 eurtedeeima.

316 2418 539 2473 ΑΒνΟῦΑΟΙΟ
550 2418 822 2473 wruumffiflm.

316 2486 470 2547 Universis
484 2484 536 2545 &u
579 2484 679 2560 Quum
691 2487 741 2563 pia
753 2486 830 2546 iaetu
836 2484 968 2545 fidelium
978 2484 1067 2564 digno
1077 2486 1148 2545 sunt
1160 2480 1359 2561 prosequenda

253 2568 363 2641 fuvere,
383 2567 534 2627 Noveritis
556 2566 637 2642 qued
659 2584 714 2625 nos
737 2566 927 2627 collationem
951 2566 1052 2627 dileeti
1074 2566 1130 2625 filii
1151 2563 1297 2624 Johannis
1320 2562 1359 2621 de

254 2648 413 2710 Fontinete
435 2666 525 2725 qnam
547 2666 634 2725 super
656 2647 848 2707 advomeione
871 2648 989 2709 ecclesie
1012 2648 1050 2707 <ie
1063 2644 1276 2723 Willingehum
1290 2662 1358 2703 eum

253 2730 390 2791 omnibns
407 2729 597 2808 pertinenciis
609 2728 670 2788 suis
688 2728 722 2787 in
735 2728 792 2809 [fo.
809 2726 874 2869 Ἠῶ]
887 2748 991 2807 puram
1006 2734 1036 2789 et
1049 2732 1218 2807 perpetuam
1231 2724 1359 2784 elemosi-

253 2830 323 2871 nam
335 2812 438 2871 domui
450 2810 583 2888 religiose
595 2809 633 2869 de
645 2808 735 2869 Fesse
747 2814 831 2869 extra
869 2811 1028 2871 orkeseism
1041 2810 1119 2884 feeit,
1134 2813 1164 2868 et
1177 2806 1358 2867 Menialibns

252 2892 363 2953 ibidem
380 2892 435 2951 deo
448 2890 642 2951 servientibus
654 2895 685 2949 et
697 2891 912 2969 imperpetuum
923 2892 1092 2969 regulariter
1100 2889 1259 2961 servituris,
1269 2905 1358 2964 quam

253 2974 345 3033 seiam
364 2974 510 3033 Rebertus
529 2972 627 3031 Murin
647 2970 744 3030 senior
762 2977 793 3031 et
813 2977 880 3049 post
899 2972 1020 3033 modum
1039 2972 1185 3033 liebertus
1201 2968 1280 3029 filius
1293 2969 1357 3045 ejus

253 3059 403 3132 tamquam
418 3052 556 3131 nepitulee
568 3052 682 3112 domini
694 3052 775 3111 ieodi
786 3053 829 3112 eis
839 3053 1090 3122 confirmaverunt.
1100 3056 1194 3112 ratam
1203 3055 1233 3110 et
1245 3053 1358 3127 gratum

253 3130 1357 3212 habemusenmquesieutrueionabiiiteriseteesteiusnetoritsteepiseopaii

252 3216 464 3277 confirmemus.
506 3214 792 3277 Snlvisinomnibns
803 3213 854 3275 &n
897 3215 1029 3291 Quodut
1041 3219 1211 3293 perpetuum
1224 3212 1356 3273 obtinent

252 3297 421 3359 firmitatem
443 3296 572 3375 presenti
594 3296 704 3374 sumpto
724 3300 754 3355 et
777 3296 868 3373 sigilli
886 3298 980 3357 nostri
1005 3296 1191 3375 spposinions
1216 3293 1356 3354 duximus

252 3378 454 3440 roborandum.
500 3378 570 3438 Hiis
595 3378 721 3437 testibus
747 3377 860 3454 Regem
886 3377 1015 3453 Deesno,
1043 3378 1156 3455 Rogare
1177 3372 1356 3437 Omoemso

252 3459 344 3533 Linu’‚
358 3460 470 3519 Thomu
483 3458 520 3519 de
533 3457 696 3519 Fiskerton'
712 3462 744 3519 et
757 3458 869 3535 Rogero
883 3458 921 3519 de
934 3458 1062 3519 Bristell'
1081 3457 1238 3535 capellanis
1254 3452 1356 3515 eanon’

252 3538 343 3615 Line,
358 3540 508 3619 Magistris
527 3540 576 3600 W.
592 3540 629 3599 de
645 3539 737 3614 Line',
751 3539 860 3600 Theeb'
873 3540 910 3599 de
930 3540 1039 3601 Cannis
1054 3544 1084 3599 et
1103 3540 1191 3599 Petro
1210 3537 1248 3597 de
1268 3534 1356 3595 Beth'

252 3622 353 3682 ennon’
366 3621 459 3695 Linn'‚
473 3621 599 3681 Ricarde
611 3622 651 3680 de
663 3620 768 3694 Oxon’‚
783 3621 934 3700 Stephane
955 3622 992 3681 de
1006 3621 1123 3682 Ciuestr'
1138 3626 1168 3680 et
1181 3618 1298 3679 Olivere
1317 3617 1355 3675 de

252 3703 389 3780 Chesney
402 3703 521 3777 clericis,
535 3709 565 3763 et
578 3702 652 3763 aliis
694 3702 764 3762 Dat·
776 3721 829 3780 per
847 3722 967 3763 menum
981 3702 1137 3763 Willielmi
1156 3701 1192 3760 de
1212 3697 1354 3758 Thomen'

252 3783 373 3843 Arrhid'
394 3784 500 3859 Stowe,
522 3782 602 3862 apud
620 3782 739 3843 Iafferd
757 3802 779 3845 v
796 3784 869 3845 Idus
884 3784 1035 3845 Februarii
1055 3782 1241 3862 pontificatus
1261 3777 1355 3839 nestri

252 3884 330 3925 anno
344 3866 399 3926 ix0.
983 3940 992 3979 ι

313 4025 906 4104 ΟΒΒΙΝΑΟΙΟυίωήθάοΒιἹίπρόιινρῙι.
1246 4084 1250 4092 ,

314 4106 460 4168 Omnibus
486 4109 533 4170 ire.
576 4108 701 4169 Noverit
733 4109 907 4169 universitas
939 4112 1036 4169 vestre
1066 4107 1147 4186 quod
1172 4107 1296 4166 dilectus
1321 4103 1356 4163 in

254 4188 372 4250 Christo
391 4189 470 4248 filine
486 4188 627 4268 Megisten
645 4189 824 4267 Reginaldus
844 4190 881 4249 de
902 4188 992 4251 Cesti*
1007 4188 1146 4250 Offieiaiis
1165 4192 1264 4248 noster
1282 4186 1355 4245 dum

252 4289 380 4330 essemus
392 4270 425 4329 in
438 4271 570 4347 partibus
588 4271 788 4331 transmarinis
807 4272 977 4331 anctoritate
997 4272 1025 4331 ei
1044 4290 1062 4329 e
1081 4269 1166 4330 nobie
1179 4286 1312 4329 concessa
1324 4272 1354 4325 et

253 4352 405 4412 summisse
412 4351 568 4413 ordinandi
575 4357 605 4413 et
612 4353 807 4431 provisionem
814 4351 1152 4413 faciendiineeelesisde
1160 4347 1355 4428 Biiingburgh
