3192 5367
687 576 791 631 LIBER
811 576 990 643 annosus

661 824 1014 968 bautonius.

764 994 827 1070 [o.
843 990 902 1076 ι]

345 1110 377 1164 S.
392 1108 508 1163 ΜΑΗΙΕ
522 1107 790 1163 summoverit
817 1098 934 1159 Vicetia
960 1099 993 1158 in
1020 1099 1138 1159 ecclesia
1165 1098 1272 1160 Sancte
1291 1100 1385 1161 Mario

286 1180 432 1241 Huntind'
446 1198 503 1257 que
519 1184 564 1239 est
586 1180 789 1239 canonicorum
812 1179 923 1239 ibidem
947 1180 1117 1240 auctoritate
1141 1181 1257 1240 concilii
1279 1182 1322 1241 sic
1341 1188 1385 1241 est
1407 1228 1411 1235 .

285 1263 424 1322 ordinata
467 1260 601 1320 Vicarius
625 1258 747 1320 habebit
762 1262 881 1320 nomine
904 1260 1010 1320 vicarie
1033 1279 1085 1319 sue
1109 1280 1201 1320 unum
1224 1263 1385 1322 corrodium

285 1344 416 1403 canonici
428 1342 466 1401 ad
481 1360 609 1401 mensam
622 1342 826 1401 canonicorum
839 1347 869 1401 et
883 1342 990 1418 viginti
1002 1342 1110 1401 solidos
1123 1361 1235 1402 annuos
1248 1343 1385 1403 videlicet

286 1444 308 1485 x
320 1425 427 1485 solidos
441 1424 479 1483 ad
491 1423 599 1482 festum
613 1423 643 1483 S.
659 1422 813 1482 Michaelis
827 1429 857 1481 et
869 1443 891 1481 x
903 1423 1012 1482 solidos
1024 1423 1064 1482 ad
1074 1422 1155 1482 Pmc’
1165 1442 1217 1500 pro
1231 1424 1384 1501 stipendiis

286 1506 324 1565 de
333 1504 523 1584 proventibus
536 1502 653 1563 ecclesie
666 1504 794 1582 predicte
808 1503 1014 1581 percipiendos
1056 1503 1098 1563 Et
1116 1504 1237 1564 hebebit
1250 1504 1386 1566 clericum

287 1592 317 1647 at
330 1587 493 1665 garcionem
505 1604 591 1647 suum
604 1584 642 1645 ad
656 1604 786 1645 mensam
808 1585 912 1663 prioris
933 1604 1001 1645 cum
1023 1584 1134 1645 clericis
1156 1591 1187 1645 et
1201 1587 1385 1664 garcionibus

287 1668 424 1746 ejusdem.

345 1842 471 1897 sum
498 1828 615 1888 Viearia
640 1828 672 1887 in
700 1826 819 1887 ecclesia
842 1826 879 1886 de
906 1826 995 1904 Slepa
1020 1845 1077 1904 qne
1106 1830 1151 1887 est
1176 1827 1384 1889 monachorum

285 1909 399 1969 Rames'
423 1910 593 1969 auctoritate
618 1908 734 1967 concilii
757 1908 834 1967 sicut
858 1912 905 1967 est
927 1908 1066 1967 ordinata
1108 1908 1243 1969 Vicarins
1264 1910 1386 1969 habebit

285 1990 404 2049 nomine
417 1990 523 2049 vicarie
537 2008 588 2049 sue
601 2008 701 2048 omnes
715 1989 843 2049 minutas
859 1988 986 2048 decimas
1000 1994 1030 2048 et
1043 1988 1236 2049 obvenciones
1251 1991 1387 2050 altarium

286 2076 359 2145 tam,
373 2070 491 2129 ecclesie
519 2069 556 2129 de
591 2070 670 2147 Slap'
690 2088 778 2147 quam
798 2070 972 2146 capellarum
993 2070 1030 2129 de
1050 2070 1144 2130 Huret
1163 2076 1194 2131 et
1216 2072 1386 2148 generaliter

287 2152 386 2211 omnia
412 2151 505 2211 dictas
531 2150 680 2211 ecclesiam
703 2156 733 2209 et
756 2151 880 2227 capellas
903 2152 970 2228 jure
996 2152 1154 2228 parochiali
1182 2153 1387 2230 contingancia

288 2232 417 2309 exceptio
439 2236 515 2291 tarra
538 2232 656 2291 ecclesie
681 2236 711 2290 et
736 2232 855 2291 decimis
878 2232 1031 2308 garbarum
1055 2236 1085 2291 et
1108 2232 1178 2293 feni
1222 2234 1387 2295 sustinebit

287 2318 385 2373 autem
405 2312 501 2383 dictus
520 2313 644 2373 vicarius
664 2314 762 2372 omnia
781 2332 869 2372 onera
893 2313 1038 2372 ordinaria
1057 2314 1201 2373 dictarum
1219 2315 1337 2374 ecclesie
1356 2319 1387 2374 et

288 2396 461 2473 capellarum
474 2394 574 2454 debita
586 2398 622 2473 ¹ct
645 2399 781 2454 consueta
799 2398 896 2472 preter
912 2390 1078 2471 'hospicium
1086 2395 1295 2455 Archidiaconi
1307 2395 1388 2473 quod

286 2478 346 2555 ipsi
371 2474 507 2535 monachi
539 2475 743 2553 procurabunt,
770 2479 802 2534 et
828 2475 865 2534 de
895 2476 1128 2535 extraordinariis
1160 2477 1385 2555 respondebunt.

289 2557 390 2618 Solvet
403 2558 494 2617 eciem
507 2556 631 2616 vicarius
644 2557 733 2634 priori
746 2556 783 2615 de
800 2556 908 2616 Sancto
922 2557 1016 2615 Iuone
1028 2558 1080 2631 qni
1093 2576 1145 2635 pro
1158 2562 1287 2635 tempore
1299 2558 1388 2617 fuerit

288 2644 405 2699 cantum
431 2638 538 2698 solidos
565 2639 597 2697 in
624 2644 748 2715 quatuor
775 2638 847 2696 anni
869 2637 1001 2697 terminis
1026 2638 1136 2697 scilicet
1159 2638 1197 2699 ad
1219 2640 1327 2698 festum
1355 2639 1385 2699 S.

288 2718 442 2779 Michaelis
455 2738 518 2779 xxv
530 2720 638 2779 solidos
654 2718 692 2778 ad
706 2718 900 2780 Nativitatem
920 2718 1042 2777 Domini
1060 2739 1124 2780 xxv
1136 2720 1244 2779 solidos
1256 2719 1294 2779 ad
1307 2719 1387 2779 Pasc’

288 2820 351 2862 xxv
365 2801 472 2861 solidos
486 2805 516 2861 et
528 2801 566 2860 ed
579 2800 774 2861 Nativitatem
789 2800 819 2862 S.
835 2798 857 2858 J
857 2800 981 2859 ohannis
995 2798 1128 2877 Baptista
1140 2819 1203 2862 xxv
1216 2801 1332 2861 solidos.

588 2903 1100 2955 1ncusmrrgn1nauarnmu⁴⁴srvonn¹⁸

349 3020 522 3075 ιΝΙΝΕνΙΙΚ
549 3006 666 3067 Vicaria
675 3006 709 3065 in
718 3004 838 3066 ecclesia
849 3006 887 3065 de
900 3005 1054 3082 Wynewic
1066 3024 1123 3084 que
1133 3010 1177 3066 est
1186 3007 1389 3067 canonicorum

290 3088 438 3149 Hnntind'
458 3087 628 3147 auctoritate
656 3086 773 3147 concilii
792 3087 834 3146 sic
853 3091 899 3146 eet
918 3087 1059 3147 ordinata
1110 3088 1254 3149 Consistit
1272 3088 1307 3148 in
1325 3093 1388 3148 toto

290 3169 427 3246 altmagio
447 3173 477 3228 et
496 3169 641 3247 mesuagio
670 3168 848 3245 competenti
869 3168 959 3244 juxta
981 3168 1129 3228 ecclesiam
1151 3173 1182 3228 et
1200 3170 1234 3229 in
1252 3170 1388 3229 omnibns

290 3250 413 3310 minutis
432 3248 552 3311 decimis
572 3256 602 3311 et
620 3249 811 3327 proventibus
831 3249 956 3309 ecclesie.
999 3249 1097 3310 Salvis
1115 3250 1225 3310 eisdem
1250 3252 1340 3328 priori
1358 3256 1389 3310 ιι

291 3332 436 3391 canonicis
449 3331 569 3390 decimis
587 3331 739 3409 garbarum
759 3329 822 3389 iani
840 3330 1074 3390 molendinorum
1092 3336 1123 3391 et
1139 3336 1216 3391 tarra
1228 3332 1388 3391 ecclesiast

290 3413 427 3471 omnibus
446 3411 565 3471 decimis
585 3414 622 3471 de
642 3411 788 3471 dominico
808 3417 909 3470 eornm
915 3410 1120 3488 'undecunque
1139 3413 1385 3490 provenientibus

289 3494 423 3553 Vicarius
443 3494 600 3553 sustinebit
620 3512 706 3553 onera
728 3492 911 3571 parochialia
953 3493 1095 3554 Canonioi
1113 3494 1331 3572 respondebunt
1350 3493 1388 3553 de

290 3574 470 3635 sinodalibus
483 3579 514 3634 et
533 3574 728 3652 procurabunt
741 3574 906 3652 hospicium
918 3574 1131 3636 Archidiaccn'u
1177 3575 1266 3636 Valet
1281 3576 1388 3636 vicaria

353 3831 488 3886 Manus
512 3830 676 3885 GtDDlNG.
702 3816 820 3877 Vicaria
831 3816 865 3875 in
877 3818 996 3877 ecclesia
1008 3818 1046 3878 de
1058 3817 1168 3897 Magna
1184 3817 1321 3896 Gedding
1333 3837 1391 3895 que

291 3904 336 3961 est
348 3899 506 3959 eorundem
518 3898 688 3959 auctoritate
701 3898 819 3958 concilii
838 3898 971 3959 ordinata
984 3900 1118 3959 consistit
1129 3900 1163 3959 in
1176 3904 1239 3959 toto
1252 3900 1388 3977 altaragio

291 3986 322 4040 et
344 3982 490 4059 mesuagio
514 3981 690 4058 competenti
709 3982 798 4057 juxta
820 3979 970 4039 ecdesiam
994 3986 1024 4040 et
1046 3982 1080 4039 in
1103 3981 1239 4041 omnibus
1266 3981 1390 4041 minutis

290 4062 410 4123 decimis
424 4067 454 4121 et
467 4061 656 4140 proventibus
670 4062 795 4121 ecclesie.
838 4060 935 4121 Salvis
955 4062 1064 4121 eisdem
1084 4062 1241 4123 canonicis
1254 4067 1388 4139 utsupra

290 4144 323 4204 in
336 4144 443 4205 vicaria
458 4141 547 4220 prox’.
590 4141 724 4203 Vicerius
744 4142 931 4219 respondebit
945 4142 982 4202 de
994 4143 1175 4203 sinodalibus
1188 4148 1218 4204 et
1231 4143 1388 4203 emtinabit

290 4244 377 4285 onera
403 4222 578 4302 parochialia
606 4228 636 4283 et
662 4225 756 4285 solvet
779 4224 931 4284 annuatim
955 4225 1073 4284 sacriste
1100 4224 1195 4285 Hnnt'
1221 4245 1242 4286 v
1268 4224 1385 4285 solidos

203 4312 205 4315 ’
290 4305 432 4368 Canonici
457 4304 704 4365 Archidiaconum
730 4303 927 4383 procurabunt
953 4311 984 4364 et
1010 4306 1068 4367 alia
1093 4324 1180 4366 onera
1206 4325 1225 4365 a
1250 4306 1388 4383 predictis

290 4388 434 4448 ordinaria
460 4387 690 4449 sustinebantur.
737 4386 827 4446 Valet
853 4386 960 4447 vicaria
986 4387 1116 4464 quinque
1141 4389 1238 4449 marc!
1277 4387 1388 4448 Totalis

291 4467 529 4529 ecclesiadeoem.
788 4510 790 4513 -
