3192 5367
286 542 350 607 104
606 502 612 513 ·
675 556 781 611 ulnus
802 554 981 621 Amulius

287 707 430 785 Magistro
448 705 484 765 R
506 704 544 764 de
564 703 689 781 Granel',
704 705 739 765 R
755 706 792 765 de
805 704 988 783 Wassingeb’
1001 704 1157 782 capellano,
1178 705 1211 765 P.
1227 706 1265 765 ds
1277 705 1387 783 Eunu,

286 790 323 849 R.
339 790 377 848 de
390 786 514 860 Bohun',
529 791 560 848 et
572 785 607 846 P.
622 787 670 847 de·
680 786 884 847 Chemmont'
898 787 1043 847 canonicis
1062 786 1154 860 Linc'‚
1169 790 1198 846 et
1213 786 1329 847 Olirero
1350 786 1389 847 de

287 868 401 932 Chedn'
422 867 532 928 clerico.
575 867 644 927 Dat·
664 886 716 945 per
733 886 854 929 manum
873 868 983 927 Thonis
1003 867 1040 927 de
1060 866 1223 927 Fiakerton’
1247 868 1389 945 capellani

286 948 419 1011 canonici
442 948 524 1009 Linc'
547 949 628 1028 apud
650 950 733 1009 Linc’
757 949 835 1010 xrii⁰
857 947 915 1010 lrai
936 948 1070 1026 Januarij
1091 949 1276 1027 pontificatus
1294 948 1389 1009 nostri

288 1050 367 1093 anno
378 1032 458 1108 xjmo,

341 1212 571 1337 mxl&
626 1274 753 1335 Noverit
777 1275 954 1337 universitas
979 1278 1076 1336 vestra
1102 1275 1182 1354 quod
1208 1294 1276 1336 oum
1302 1294 1387 1337 cause

285 1362 445 1420 veneretur
457 1376 553 1417 coram
564 1356 650 1417 nobis
662 1356 806 1417 ordinaria
819 1361 961 1433 potestate
971 1358 1210 1434 cognoscentibus
1223 1357 1301 1417 inter
1310 1358 1386 1417 Rob.

286 1441 324 1499 de
337 1437 469 1499 Proston’
481 1443 620 1499 rectorem
632 1437 750 1497 melesio
763 1438 801 1497 de
813 1436 973 1515 Tingwieh’
994 1443 1120 1498 actorem
1137 1444 1167 1499 et
1187 1438 1337 1499 Abbatem
1357 1442 1387 1499 et

286 1520 448 1581 Monachoa
469 1518 500 1579 S.
526 1518 668 1579 Katerino
688 1524 770 1596 parte
789 1520 1016 1595 frisingenses,
1040 1538 1127 1596 super
1149 1538 1208 1579 uno
1229 1538 1331 1579 manso
1357 1524 1388 1579 et

286 1601 400 1662 duabus
411 1600 532 1678 virgatis
544 1605 619 1660 terre
629 1619 687 1677 que
700 1600 778 1659 idem
791 1600 866 1660 Rob.
878 1600 917 1659 od
926 1600 1074 1660 ecelesiam
1087 1620 1169 1661 suem
1180 1600 1216 1660 de
1227 1600 1386 1678 iingwioh’

286 1683 458 1759 abantiquo
471 1682 508 1743 (le
527 1682 595 1758 jure
617 1682 760 1759 portinere
781 1681 897 1741 dicebat
920 1685 950 1741 et
973 1700 1060 1759 super
1079 1681 1198 1741 decimis
1214 1681 1386 1758 abantiquo

286 1763 431 1823 dominico
444 1762 588 1823 dictorum
601 1762 726 1822 Abbotis
739 1768 770 1822 et
782 1761 1002 1822 Monsohorum.
1028 1798 1032 1807 ·
1045 1762 1124 1822 item
1143 1782 1229 1839 super
1248 1763 1387 1840 pensione

285 1845 377 1905 trium
399 1862 559 1904 marcarum
581 1843 741 1903 secundum
764 1844 895 1920 ejusdem
922 1842 1045 1903 Roberti
1070 1844 1259 1903 assercionem
1287 1848 1388 1903 contra

286 1926 413 1987 Concilii
436 1924 573 1986 Laterani
595 1930 706 1985 statuta
728 1924 846 1985 ecclesie
861 1924 897 1983 de
910 1923 1071 2001 'iingwioh’
1085 1925 1228 2002 imposita
1256 1924 1386 1985 Tandem

286 2026 354 2067 cum
375 2025 467 2083 usque
490 2006 529 2065 ad
551 2005 742 2065 diffinitivum
763 2006 824 2065 iere
843 2006 986 2065 calculum
1006 2006 1039 2065 in
1059 2005 1159 2065 eadem
1179 2024 1265 2065 causo
1284 2006 1387 2065 inisset

280 2106 460 2165 processum,
483 2091 582 2146 nostru
604 2088 818 2148 interveniente
841 2088 1011 2147 auctoritate
1034 2091 1114 2147 mota
1136 2106 1223 2165 anper
1241 2088 1387 2165 premissis

286 2167 481 2228 controversia
502 2168 580 2226 inter
605 2186 656 2227 eos
681 2168 873 2228 amicabiliter
899 2168 1067 2245 conquievit
1093 2168 1125 2226 in
1151 2167 1231 2227 hunc
1257 2168 1386 2242 modum,
1428 2242 1430 2245 Ι

286 2248 423 2310 videlicet
449 2248 528 2325 quod
550 2247 652 2307 Abbea
675 2252 706 2308 et
728 2248 869 2309 Monaohi
890 2248 920 2310 S.
935 2249 1077 2309 Katerine
1096 2248 1264 2309 retinebunt
1284 2249 1388 2327 imper-

286 2335 409 2409 petuum
430 2329 557 2389 decimos
579 2329 617 2388 do
638 2330 760 2407 antiquo
783 2330 931 2389 dominico
953 2348 1006 2389 suo
1029 2331 1105 2390 sicut
1131 2330 1168 2390 ab
1191 2330 1313 2407 antiquo
1340 2349 1387 2389 cus

288 2415 486 2489 perceperunt,
500 2415 530 2470 et
543 2410 704 2488 percipient
717 2410 852 2471 similitor
865 2410 902 2470 de
915 2411 1034 2471 ecclesie
1046 2410 1083 2471 de
1097 2410 1257 2489 iingwich'
1270 2411 1388 2471 nomine

287 2493 422 2572 perpetui
449 2491 583 2551 beneficii
609 2500 673 2552 vv*
693 2492 801 2552 solidos
824 2493 976 2552 annuatim
999 2493 1032 2551 in
1051 2492 1127 2552 ieato
1150 2492 1313 2551 Pentecost'
1340 2511 1390 2569 per
1451 2560 1454 2565 ¹

288 2592 408 2633 manum
434 2573 508 2632 dicti
534 2572 656 2632 Roborti
683 2577 714 2633 ot
740 2590 934 2644 successorum
962 2574 1025 2651 eJ'us
1044 2572 1238 2632 numerandos
1262 2578 1389 2632 cessante

287 2654 502 2732 imperpetuum
522 2653 673 2727 exactione
693 2655 783 2713 trium
802 2672 969 2715 marcarum
1011 2654 1096 2713 Idem
1112 2672 1181 2715 vero
1195 2653 1340 2715 Robertus
1360 2658 1390 2713 et

289 2755 465 2875 auclcessores
472 2736 536 2812 ejus
543 2734 693 2795 habebunt
693 2737 885 2877 t‹spntlcsnebnntt1
892 2735 981 2876 mirem
991 2736 1128 2877 etquitete
1135 2740 1284 2875 ttgmqugm
1292 2735 1389 2875 dotlpm

289 2834 662 2877 eccosremaneummemo
777 2835 844 2876 oum
885 2836 922 2875 ua
997 2836 1029 2876 vr
1092 2836 1118 2876 rs
1168 2835 1212 2875 rre
1253 2835 1334 2875 our
1355 2835 1388 2875 us

289 2835 872 3046 uismiuuuuiuffu
890 2836 1390 3056 ariusium

290 3060 403 3120 nitatur
416 3079 479 3121 eam
492 3061 621 3137 presenti
633 3059 740 3137 scripto
758 3078 826 3119 curn
839 3059 928 3136 sigilli
941 3060 1034 3119 nostri
1049 3060 1233 3137 opposicione
1252 3059 1390 3119 duximus

290 3141 489 3201 roborandam
532 3140 601 3200 Hiis
619 3140 756 3199 Testibus
774 3140 916 3217 Magistro
936 3141 986 3200 W.
1008 3142 1045 3201 de
1065 3140 1147 3201 Linc'
1161 3144 1191 3200 et
1204 3142 1237 3200 P.
1254 3140 1291 3199 de
1304 3140 1390 3199 Beth'

291 3222 437 3282 canonicis
456 3221 548 3295 Linc’‚
569 3221 604 3282 R
628 3222 664 3281 da
678 3222 771 3281 Warr'
785 3221 924 3281 canonico
944 3220 1041 3295 Weli’,
1056 3222 1173 3298 Magist’
1188 3220 1236 3282 W.
1252 3222 1288 3281 de
1305 3221 1389 3282 Cant'

290 3307 321 3363 et
334 3302 370 3372 Α,
386 3303 423 3362 de
442 3302 554 3380 Buged’
566 3306 597 3363 et
616 3302 652 3363 R
667 3302 705 3363 (le
720 3302 896 3381 Tinghuret',
912 3301 961 3362 W.
977 3302 1014 3362 de
1034 3302 1161 3377 Winch'‚
1176 3302 1213 3363 R.
1235 3302 1271 3361 de
1292 3302 1347 3362 Ox'
1361 3306 1390 3361 et

293 3382 328 3445 Ο.
354 3383 392 3443 de
415 3382 528 3445 Chodn’
551 3384 669 3444 clericis.
710 3382 780 3444 Dat'
806 3402 858 3461 per
883 3402 1003 3449 menum
1029 3384 1140 3443 Thome
1166 3384 1203 3443 de
1229 3381 1391 3443 Fickerton'

267 3477 275 3497 ·
292 3465 435 3543 capellani
447 3464 579 3526 canonici
591 3464 673 3526 Linc'
686 3464 764 3543 apud
777 3464 880 3526 Tham'
892 3466 914 3543 ij
928 3464 987 3525 kal’
1000 3464 1073 3543 Maij
1095 3465 1281 3542 pontificatus
1300 3464 1391 3525 nostri

290 3566 368 3607 anno
380 3547 460 3623 xjm0.

352 3729 581 3855 gffisgg'
599 3794 724 3855 Noverit
736 3794 910 3855 universitas
923 3798 1019 3856 rastra
1028 3794 1107 3873 quod
1121 3814 1175 3857 nos
1188 3794 1225 3857 de
1235 3814 1353 3857 assensu
1362 3800 1391 3857 et

180 3876 183 3879 ’
293 3875 445 3937 voluntate
465 3874 588 3935 Roberti
609 3874 647 3935 de
667 3876 745 3952 Brey
768 3880 799 3935 et
821 3874 945 3936 Walteri
966 3876 1003 3936 de
1023 3876 1186 3937 Pstteshill'
1206 3882 1392 3954 patronorum

293 3958 410 4017 ecclesie
421 3956 458 4015 de
471 3956 648 4015 Blsochesho
661 3962 691 4015 et
700 3957 824 4017 Muttini
834 3956 870 4017 de
880 3957 1030 4017 Patoshill'
1040 3960 1133 4035 ipsius
1142 3958 1259 4019 ecclesie
1271 3977 1392 4036 persone

292 4044 417 4115 quatuor
429 4056 538 4097 marcos
550 4038 663 4115 argenti
676 4037 817 4115 Magistro
831 4044 861 4099 et
874 4038 1012 4099 iratribus
1024 4038 1178 4117 hospitalis
1196 4040 1225 4101 S.
1241 4040 1392 4100 Trinitatis

292 4125 376 4180 extra
397 4116 612 4195 Norbampton’
635 4120 787 4179 annuatim
810 4119 846 4180 de
869 4120 999 4197 predicta
1021 4122 1139 4181 ecclesia
1158 4122 1195 4181 da
1215 4121 1391 4182 Blecohssho
1413 4179 1423 4197 h

292 4201 412 4261 nomine
424 4201 557 4278 perpetui
570 4200 703 4260 beneficii
715 4200 914 4279 percipiendas
921 4220 979 4279 per
990 4220 1110 4261 manum
1124 4203 1255 4279 ejusdem
1268 4202 1392 4261 Martini

294 4286 325 4341 ot
339 4301 533 4342 successorum
546 4301 664 4341 suorum
676 4282 768 4359 ipsine
780 4282 898 4343 ecclesie
911 4301 1097 4360 personarum
1116 4284 1154 4342 ad
1167 4284 1240 4344 duos
1253 4283 1392 4343 terminos

294 4362 404 4424 scilicet
427 4364 467 4425 ad
489 4362 631 4423 Pascharn
654 4363 727 4423 dues
749 4382 858 4424 merces
879 4368 909 4423 et
929 4364 967 4423 ad
986 4364 1094 4425 festum
1108 4364 1138 4427 S.
1154 4352 1392 4425 Michaelis‘dues
1491 4400 1500 4411 ·
