3192 5367
306 586 347 649 18
554 548 556 552 Ι
694 596 798 651 usna
819 596 997 662 armenus

302 748 441 827 sltsragio
454 752 485 808 et
497 746 531 807 in
543 744 679 807 omuibus
691 744 776 806 terris
793 764 860 806 cum
877 744 1032 825 mesmgiis
1046 748 1077 805 et
1088 743 1155 806 aliis
1166 744 1353 823 pert'nenciis
1365 744 1405 806 sd

302 830 426 893 eandem
457 832 564 890 terram
596 826 714 888 ecclesie
754 827 970 905 pertinentibus
991 831 1113 905 excepto
1144 827 1291 905 mesuagio
1323 826 1406 904 quod

306 910 451 974 Rcdnlius
460 908 607 989 quondam
617 908 748 969 sacerdos
760 913 790 969 et
803 928 926 987 persona
934 908 1053 969 ecclesie
1062 913 1218 968 memorate
1227 926 1295 968 cum
1304 913 1360 985 gna
1368 905 1404 987 (t)

306 992 439 1073 proxima
451 986 546 1052 eide'm
558 990 704 1067 mesuagio
717 990 814 1050 tenuit
827 996 858 1050 et
877 994 998 1067 excepto
1011 990 1157 1067 mesuagio
1169 988 1250 1067 quod
1262 988 1404 1049 Ricardus

305 1074 457 1154 presbyter
468 1072 539 1133 olim
551 1072 648 1131 tenuit
664 1089 731 1131 cum
750 1070 849 1131 crofta
891 1071 1012 1131 Decime
1030 1075 1129 1131 autem
1147 1070 1299 1146 garbarum
1311 1070 1404 1130 totius

304 1154 439 1235 parochie
451 1153 580 1231 exceptis
603 1152 722 1212 decimis
744 1156 820 1212 terre
842 1151 960 1213 ecclesie
982 1151 1021 1211 ad
1043 1152 1187 1224 predictos
1206 1152 1354 1211 Abbatem
1373 1154 1403 1210 et

305 1236 463 1297 conventui
495 1234 650 1311 pertinent
705 1232 840 1293 Vicarius
871 1233 1059 1311 respondabit
1090 1232 1128 1292 de
1160 1232 1341 1292 sinodalibus
1372 1237 1403 1291 et

305 1317 437 1377 canonici
460 1315 497 1375 de
519 1314 650 1391 hospicio
673 1312 887 1375 Archidiaconi
940 1306 991 1373 De
1015 1314 1080 1373 aliis
1106 1332 1175 1373 vero
1202 1314 1403 1373 emtionibus

303 1398 429 1461 vicarius
441 1415 493 1475 pro
507 1396 613 1457 viceris
626 1414 678 1456 sua
691 1400 721 1455 et
734 1396 866 1456 canonici
877 1414 931 1473 pro
943 1414 997 1455 sua
1008 1394 1144 1473 porcione
1156 1394 1380 1473 respondebunt

365 1568 552 1626 meumes
559 1566 739 1623 metten!
749 1567 796 1621 ΒΕ
805 1565 1028 1621 ΟΕ8Ῥ8ΗΑΜ.
1037 1555 1235 1615 Vitarieillius
1239 1556 1403 1617 medietatis

302 1640 420 1703 ecclesie
443 1640 480 1701 de
506 1638 689 1701 Cestersham
712 1656 769 1715 que
792 1641 838 1697 est
863 1636 978 1697 abbatis
1004 1640 1035 1696 et
1061 1636 1232 1698 Conventus
1253 1637 1402 1697 lairoestr'

303 1722 453 1784 exdudum
466 1720 598 1781 ordinata
621 1720 756 1779 consistit
778 1719 812 1779 in
834 1717 970 1777 omnibus
989 1716 1218 1779 obrencicnibus
1237 1718 1402 1779 medietatis

304 1804 395 1865 totius
408 1802 539 1881 sltaragii
552 1806 582 1862 et
594 1800 717 1861 minutis
731 1798 852 1859 decimis
860 1798 999 1876 ejusdem.

363 1972 508 2027 sursus
523 1930 710 2027 menime
732 1970 915 2027 scusnsss.
951 1959 1068 2021 vicarii
1100 1960 1219 2021 scrius
1237 1960 1402 2021 momentis

303 2042 434 2121 ejusdem
447 2041 634 2119 ecclesieque
647 2044 692 2100 est
704 2040 819 2101 abbatis
832 2046 862 2101 et
870 2046 1031 2103 conventus
1040 2042 1078 2102 de
1087 2041 1242 2102 Wouburn
1251 2042 1401 2102 exdndum

302 2124 435 2185 ordinata
460 2122 593 2183 consistit
616 2122 650 2181 in
672 2121 730 2181 alia
752 2122 908 2183 medietate
926 2122 1057 2201 sltaragii
1076 2123 1207 2200 ejusdem
1226 2123 1344 2183 ecclesie
1363 2124 1401 2183 ad

302 2224 390 2284 quam
412 2203 532 2282 quidem
554 2203 691 2263 vicariam
714 2202 792 2281 prior
814 2202 852 2263 de
871 2204 1065 2281 Dunestapell
1077 2209 1108 2263 et
1120 2208 1281 2265 conventus
1293 2203 1401 2264 debent

302 2291 466 2365 presentare
479 2284 531 2363 qui
542 2288 601 2343 tres
614 2302 722 2343 marcas
734 2284 853 2345 nomine
870 2285 1019 2362 pensionis
1038 2285 1096 2345 sibi
1108 2284 1208 2345 deberi
1219 2290 1352 2345 asserunt
1364 2285 1401 2345 do

300 2367 402 2429 eadem
414 2367 483 2427 licet
501 2369 643 2425 asseratur
661 2366 695 2425 in
714 2365 908 2444 inquisicione
925 2366 1086 2427 secundum
1105 2369 1215 2426 statum
1230 2366 1401 2427 modernum

302 2449 397 2509 nichil
409 2447 446 2508 de
460 2466 493 2507 es
505 2465 589 2525 posse
602 2446 685 2507 solui.
729 2446 794 2507 Hoc
807 2452 907 2507 tamm
919 2446 957 2507 de
969 2466 1068 2507 eornm
1083 2466 1203 2508 assem
1214 2448 1402 2526 disposicioni

303 2531 432 2609 episcopi
450 2528 583 2589 relictum
602 2532 654 2588 est
695 2526 743 2588 De
762 2528 899 2589 oneribus
917 2529 1049 2589 neutrius
1068 2530 1160 2607 partis
1177 2528 1271 2589 nichil
1291 2534 1402 2589 certum

299 2612 458 2673 iuvenitur.

362 2782 498 2838 υΡΤοΝ.
525 2769 642 2833 Vicaria
649 2770 682 2831 in
690 2770 810 2831 ecclesia
817 2769 965 2849 dethon
972 2790 1030 2851 que
1037 2775 1082 2833 est
1089 2772 1193 2850 prioris
1201 2777 1231 2832 et
1239 2776 1401 2833 conventus

298 2854 336 2915 de
349 2854 468 2915 Merton
487 2852 638 2914 exdudum
658 2852 791 2912 ordinata
815 2853 948 2913 consistit
967 2854 1001 2913 in
1020 2854 1157 2914 omnibus
1169 2854 1400 2915 obvencionibus

299 2936 398 2996 altaris
408 2954 474 2995 cum
484 2934 620 2995 omnibus
629 2933 751 2993 minutis
762 2932 884 2994 decimis
893 2934 984 2995 totius
994 2935 1130 3013 parochie
1140 2935 1269 3013 exceptis
1278 2936 1402 2995 minutis

300 3016 420 3077 decimis
439 3016 477 3075 da
496 3015 575 3075 curia
588 3014 733 3075 dominica
752 3015 954 3075 canonicorum
973 3020 1005 3075 et
1022 3017 1056 3075 tn
1068 3016 1191 3077 dimidio
1202 3017 1314 3093 virgata
1327 3020 1402 3076 terre

301 3118 367 3159 cum
378 3096 504 3174 quodam
513 3096 659 3173 mesuagio
669 3095 707 3155 sd
716 3096 897 3156 mansionem
906 3096 1049 3174 capellani
1057 3096 1173 3174 ydoneo
1182 3102 1212 3157 et
1222 3098 1256 3157 in
1265 3097 1402 3157 omnibus

253 3234 257 3243 .
301 3178 422 3239 decimis
434 3176 587 3255 garbarum
599 3175 637 3237 de
649 3176 846 3255 leguminibus
859 3178 978 3238 exortis
986 3178 1078 3238 totius
1086 3177 1222 3257 parochie
1231 3179 1402 3256 provenien·

302 3260 381 3320 cium
394 3258 523 3337 exceptis
536 3258 607 3319 ortis
621 3256 775 3317 dominicis
795 3258 1005 3319 canonicorum.
1048 3258 1182 3320 Vrcarius
1195 3265 1294 3319 autem
1306 3259 1401 3321 solvet

302 3338 446 3401 sinodalia
458 3338 590 3399 canonici
602 3358 672 3399 vero
685 3338 850 3417 hospicium
862 3338 1068 3401 Archidiaconi
1080 3341 1287 3418 procurabunt.

361 3513 518 3570 ετοκεε,
545 3498 663 3560 vicaria
688 3500 722 3561 in
748 3500 868 3562 ecclesia
894 3500 931 3562 de
957 3500 1064 3563 Stokes
1089 3521 1147 3580 que
1173 3506 1219 3563 ed
1244 3501 1348 3580 prioris
1371 3507 1401 3563 et

302 3582 505 3643 canonicorum
531 3580 569 3641 de
598 3580 738 3642 Luwerth
768 3601 806 3642 ex
834 3582 947 3643 dudum
973 3581 1241 3666 ordinata[blon1c]
1267 3584 1401 3644 consistit

302 3664 336 3723 in
350 3662 485 3722 omnibns
498 3661 726 3724 obrencionibus
739 3668 769 3723 et
782 3662 906 3724 minutis
921 3662 999 3724 dicte
1011 3665 1129 3725 ecclesie
1142 3664 1262 3725 decimis
1271 3666 1400 3742 exceptis

303 3744 426 3805 minutis
439 3741 559 3803 decimis
572 3741 609 3802 de
622 3744 701 3803 curia
719 3744 849 3822 ipsorum
865 3746 1069 3806 canonicorum
1081 3746 1115 3805 in
1126 3746 1229 3807 eadem
1239 3746 1311 3806 villa
1324 3751 1354 3806 et
1366 3746 1400 3805 in

303 3824 440 3889 omuibus
455 3822 575 3884 decimis
594 3824 745 3901 garbarum
765 3825 804 3885 de
821 3828 884 3885 tota
897 3831 973 3887 terra
985 3827 1187 3887 canonicorum
1200 3832 1231 3887 et
1243 3828 1276 3886 in
1288 3831 1399 3904 septem

303 3906 376 3967 acris
390 3905 427 3965 de
439 3909 515 3965 terre
534 3904 652 3965 ecclesie
671 3906 708 3966 de
727 3905 835 3983 quibus
853 3911 912 3967 tres
928 3908 1029 3984 jacent
1037 3909 1126 3985 juxta
1139 3914 1275 3985 stagnum
1287 3907 1401 3967 domini

301 3988 355 4047 ubi
368 3985 509 4064 capellani
520 3986 651 4047 habitare
664 3986 796 4047 solebant
815 3989 846 4045 et
859 3986 917 4048 dus
929 3990 962 4049 in
975 3988 1088 4049 Wurde
1101 3994 1132 4049 et
1145 3989 1202 4049 due
1215 3990 1248 4049 in
1260 3988 1399 4066 Apelton.

302 4067 445 4131 Consistit
458 4068 548 4127 eciam
561 4068 594 4128 in
606 4070 669 4127 tota
682 4068 886 4128 canonicorum
905 4074 980 4130 terre
993 4089 1060 4130 cum
1072 4071 1258 4148 pertinenciis
1270 4070 1330 4130 suis
1342 4088 1401 4147 que

298 4149 377 4227 jacet
386 4149 464 4207 inter
473 4147 650 4209 dominicum
659 4147 772 4209 domiui
781 4168 882 4210 versus
891 4151 1058 4228 aquilonem
1067 4155 1097 4211 et
1106 4171 1224 4213 moram
1266 4150 1401 4210 Vicarius

301 4234 399 4290 autem
407 4229 505 4290 omnic
513 4248 599 4289 onere
606 4230 750 4290 ordinaria
757 4230 836 4291 dicte
843 4232 961 4292 ecclesie
968 4233 1125 4293 sustinebit
1134 4238 1230 4311 preter
1236 4230 1400 4311 hospicium

300 4310 507 4370 Archidieconi
526 4309 606 4387 quod
626 4310 663 4370 de
683 4312 868 4372 ordinacione
887 4312 999 4373 domini
1019 4313 1155 4394 Hngonis
1174 4313 1258 4374 Linc’
1272 4312 1400 4390 episcopi

300 4391 375 4452 dicti
388 4391 519 4451 canonici
531 4390 734 4473 procurabunt
