3192 5367
285 536 328 599 82
672 549 778 603 LIBER
798 548 976 613 Arulenus

284 698 423 779 capellum
449 699 488 759 sd
514 696 665 759 eeclesim
682 696 721 759 de
739 696 858 759 Berton’
878 698 929 759 sed
949 704 1048 760 temen
1066 704 1214 779 temquum
1233 702 1383 763 matricem

283 782 433 843 ecloum
454 780 621 840 invenimus
643 797 708 839 cem
728 777 764 839 de
784 780 920 841 omnibus
933 780 1069 841 oneribus
1082 787 1112 841 et
1125 784 1385 845 consuetudinibus

284 862 496 941 episcopalibus
521 866 552 921 et
578 860 857 921 srehidisconnlibus
886 862 1117 939 respondentem.
1159 864 1247 924 Unde
1280 865 1383 925 hebito

283 962 427 1004 consensu
436 942 549 1003 Deceui
568 947 598 1001 et
618 942 739 1019 capituli
758 944 852 1003 nostri
872 942 908 1003 de
928 944 1049 1003 consilio
1065 945 1194 1004 virorum
1207 946 1383 1023 prudentum

197 1041 202 1054 ·
284 1024 443 1103 predictam
467 1023 615 1083 ecclesium
639 1023 676 1081 de
699 1023 816 1083 Burton’
841 1042 907 1083 cum
920 1026 1030 1103 capelle
1054 1026 1091 1085 de
1114 1026 1246 1086 Sunford'
1268 1032 1297 1086 et
1319 1028 1384 1087 eliis

283 1106 471 1183 pertinenciis
489 1104 551 1163 suis
570 1104 700 1181 predicto
718 1104 819 1163 ebbeti
832 1110 861 1165 et
875 1108 1033 1166 conventui
1046 1108 1259 1185 imperpetuum
1272 1127 1385 1168 conces·
1405 1128 1408 1135 ’

283 1266 655 1328 n
668 1266 1373 1344 nn

283 1349 405 1409 dinibus
417 1349 455 1408 de
464 1348 593 1427 predicte
602 1347 712 1425 cepelle
722 1346 759 1407 de
769 1348 923 1409 Sendford’
933 1354 1081 1426 temqusm
1092 1350 1128 1409 de
1138 1351 1258 1410 ecclesie
1267 1353 1384 1411 metrice

283 1435 318 1489 nt
331 1430 519 1507 prediximus
562 1428 651 1489 Salvo
665 1427 729 1507 (cic)
741 1429 834 1489 eciem
846 1430 1008 1491 Willielmo
1021 1431 1058 1490 de
1072 1432 1101 1492 S.
1114 1430 1136 1491 J
1136 1431 1250 1491 chenne
1263 1451 1384 1509 persone

282 1512 401 1573 ecclesie
413 1512 451 1571 de
464 1511 581 1571 Bertcn'
601 1513 632 1569 et
651 1510 689 1570 de
710 1508 865 1573 Sondford'
878 1512 997 1589 pccilioe
1021 1513 1202 1590 poosessione
1215 1532 1268 1574 eno
1286 1514 1384 1591 qnoed

282 1593 400 1653 vixerit.

344 1765 553 1825 ΟΒΒΙΝΑΟΙΟ
566 1753 674 1813 vicarie
686 1754 722 1814 dc
734 1752 860 1814 Bertoo'.

301 1832 305 1839 ’
345 1836 508 1898 Stetuimns
517 1839 615 1894 eutem
626 1834 705 1911 quod
714 1840 782 1913 post
791 1834 941 1895 decessum
951 1836 1079 1913 predicte
1088 1856 1209 1915 persone
1219 1838 1383 1915 capellanus

282 1917 405 1978 idoneus
418 1915 504 1976 nobie
516 1921 546 1975 et
559 1915 770 1976 successoribus
780 1917 934 1977 nostrised
945 1923 1112 1995 perpetuom
1120 1920 1256 1979 vicariam
1267 1921 1384 1983 ecclesie
1477 1975 1478 1978 ,
1577 1888 1578 1913 ³

282 1998 320 2059 de
335 1998 451 2059 Berten’
464 1997 502 2057 eb
515 1997 621 2056 sbbote
637 2001 668 2055 et
686 2002 835 2057 conventu
855 2002 1036 2075 presentetur
1049 2001 1101 2077 qni
1114 2002 1254 2078 percipiet
1267 2002 1384 2062 nomine

282 2084 421 2157 perpetue
434 2078 540 2138 viceris
548 2082 645 2138 totum
655 2078 827 2156 elteregium
837 2079 968 2155 ejusdem
979 2081 1097 2141 ecclesie
1107 2100 1172 2141 cum
1183 2082 1305 2141 dimidio
1314 2082 1384 2142 hide

281 2159 542 2302 Zsssgpppdem
563 2158 712 2219 ecclesium
731 2160 896 2237 pertinente
916 2166 947 2221 et
966 2180 1033 2221 cum
1053 2162 1140 2223 domo
1158 2182 1247 2240 quum
1259 2163 1384 2223 Thomas

343 2416 551 2475 ΟΒῠΙΝΑΟΙΟ
563 2402 672 2463 cicade
711 2446 720 2465 .
762 2447 770 2463 .
813 2447 821 2463 .
864 2448 871 2465 .
913 2404 1249 2481 ccpelledessoedscrd‘.

342 2486 393 2547 Ad
420 2488 590 2563 perpetuom
616 2503 686 2545 vero
712 2484 850 2545 vicurism
877 2486 985 2564 capelle
1012 2486 1056 2545 de'
1073 2485 1227 2547 Sendlord'
1252 2486 1384 2548 similiter

281 2571 464 2647 presentetur
483 2565 569 2626 nobis
593 2570 624 2625 et
647 2566 859 2627 successoribus
882 2568 989 2627 nostris
1012 2567 1134 2627 idoneus
1159 2568 1323 2646 capellanus
1348 2570 1384 2629 ab

281 2649 392 2709 eisdem
404 2647 456 2725 qui
469 2646 608 2725 percipiet
623 2666 723 2707 omnes
736 2648 929 2708 obrenciones
944 2648 1042 2709 ulteris
1057 2649 1187 2726 ejusdem
1198 2650 1305 2727 capelle
1318 2670 1385 2709 cnm

281 2731 405 2791 minutis
415 2728 535 2788 decimis
546 2734 576 2787 et
589 2748 656 2788 cum
669 2734 794 2806 quotuor
807 2729 879 2789 soris
893 2734 922 2789 et
936 2729 1058 2789 dimidie
1068 2730 1106 2789 od
1117 2732 1237 2791 eundem
1248 2732 1385 2808 capellum

282 2811 504 2890 pertinentibus
547 2809 682 2870 Vicsrins
696 2814 793 2870 cutem
807 2811 845 2870 ed
858 2830 945 2888 quem
964 2813 1091 2889 pertinet
1109 2812 1232 2871 efficiere
1247 2813 1385 2889 cepellem

282 2894 319 2953 de
332 2891 464 2952 Ledwell
477 2892 505 2950 ei
518 2890 604 2951 leciet
614 2896 701 2969 prout
712 2891 800 2951 debet
810 2891 948 2951 deserviri
959 2898 988 2952 et
996 2893 1136 2971 percipiet
1146 2895 1263 2953 terciam
1274 2900 1385 2971 portem

282 2974 413 3033 omnium
427 2972 604 3032 decimarum
618 2972 655 3031 de
666 2971 763 3032 Gruue
775 2992 828 3053 pro
839 2975 997 3033 necessarie
1007 2976 1221 3035 sustentccione
1234 2974 1382 3051 capellani

282 3054 479 3116 Sustinebant
491 3059 590 3113 sutem
603 3054 727 3131 predicti
739 3054 842 3114 ricerii
856 3055 953 3115 omnis
964 3074 1051 3114 onere
1059 3056 1255 3133 predictemm
1268 3056 1385 3115 ecclesie

269 3140 311 3196 'et
326 3134 435 3212 capelle
449 3134 486 3194 de
496 3134 650 3196 Sendlord’
661 3134 835 3212 episcopalis
845 3140 874 3195 et
890 3136 1132 3196 archidieconslis
1145 3142 1281 3197 consuete
1291 3142 1385 3215 preter

280 3216 445 3294 hospicium
458 3216 586 3293 episcopi
599 3220 630 3275 et
649 3216 853 3276 archidiaconi.
896 3217 940 3277 Ut
960 3218 1049 3295 igitur
1063 3219 1160 3277 omnis
1172 3218 1311 3295 premisse
1323 3222 1386 3277 rete

280 3303 311 3357 et
333 3299 504 3357 inconcusse
527 3302 716 3374 permaneant
740 3316 803 3357 eom
828 3294 956 3375 presenti
980 3300 1086 3375 scripto
1113 3304 1142 3358 et
1166 3300 1261 3377 sigillo
1286 3304 1384 3359 nostro

281 3378 420 3439 duximus
452 3378 649 3438 confirmando
683 3377 757 3458 (sic).
802 3378 899 3439 Salvis
932 3380 965 3439 in
1004 3380 1145 3439 omnibus·
1175 3381 1385 3458 episcopalibus

280 3458 540 3520 consuetudinibus
573 3464 603 3518 et
630 3458 763 3519 Lincoln'
797 3460 916 3519 ecclesie
949 3460 1100 3537 dignitate.
1144 3461 1212 3521 Hiis
1239 3461 1381 3535 Testibus

280 3540 442 3619 Regineldo
456 3538 493 3600 de
507 3538 608 3615 Gestr',
623 3540 788 3602 subdoecno
802 3541 884 3603 Linc'
899 3542 1025 3617 ecclesie,
1039 3541 1091 3602 &c

339 3697 594 3837 iddivsseissgodd
620 3762 745 3826 Noverit
767 3765 942 3827 universites
969 3770 1066 3827 vestre
1089 3786 1143 3826 nos
1172 3766 1209 3826 de
1240 3786 1381 3829 consensu

279 3846 386 3922 Rogeri
399 3845 501 3904 deceni
514 3849 544 3903 et
558 3844 679 3922 capituli
696 3847 790 3906 nostri
804 3846 886 3906 Linc'
899 3847 1001 3909 divine
1014 3848 1131 3925 pietatis
1144 3848 1256 3908 intuitu
1270 3849 1384 3910 dedisse

252 3994 257 4001 ‚
278 3931 308 3987 et
321 3926 494 3987 concessisse
508 3925 622 3985 dilectis
638 3927 672 3985 in
685 3926 803 3987 Christo
816 3928 885 3987 filiis
905 3929 1006 3989 ebbeti
1026 3934 1055 3988 et
1075 3930 1234 3989 conventui
1247 3930 1283 3989 de
1297 3930 1384 3991 Osen'

278 4008 352 4067 dnos
365 4006 474 4067 solidos
494 4007 527 4065 in
547 4008 667 4067 ecclesie
686 4008 724 4067 de
748 4008 870 4068 Burton'
884 4029 940 4087 que
961 4010 998 4070 de
1018 4029 1117 4071 eorum
1136 4009 1326 4071 advocacione
1340 4018 1385 4072 est

278 4089 431 4149 annuatim
471 4088 589 4147 nomine
621 4090 756 4167 perpetui
788 4090 923 4150 beneficii
956 4092 1165 4169 percipiendos.
1223 4092 1318 4153 Salvis
1351 4095 1385 4153 in

279 4171 424 4244 omnibus,
451 4169 504 4230 dec.
545 4169 586 4229 Et
612 4175 646 4229 ut
673 4172 727 4231 hec
753 4176 854 4231 nostre
883 4173 1027 4232 concessio
1054 4177 1223 4251 perpetuum
1252 4174 1384 4235 obtinent

277 4252 445 4311 firmitatem
471 4252 599 4328 presenti
633 4253 741 4329 scripto
776 4252 906 4329 sigillum
935 4258 1067 4313 nostrum
1103 4272 1162 4313 une
1190 4274 1257 4313 cum
1288 4256 1384 4331 sigillo

277 4334 401 4412 predicti
414 4332 533 4411 cepitnli
547 4332 639 4392 nostri
652 4333 733 4393 Linc’
748 4333 887 4393 duximus
902 4334 1116 4414 opponendum.
1160 4334 1228 4394 Hiis
1237 4334 1383 4409 Testibus,
