3192 5367
309 506 351 571 28
707 518 813 577 LIBER
832 520 1010 591 manua

366 684 547 741 ρεῃποκ,
573 669 691 731 Viearia
710 670 744 730 in
762 671 882 733 eeclesia
900 672 938 733 de
957 673 1082 735 Pertton
1099 693 1157 753 qus
1179 679 1226 737 est
1249 676 1353 755 prioris
1376 682 1407 738 et

306 756 468 815 conventus
488 750 638 811 Hertfond'
651 750 802 812 exdudum
821 754 955 815 ordinata
973 756 1106 816 consistit
1119 756 1153 816 in
1164 756 1356 819 duodenario
1368 758 1407 819 ad

305 834 467 913 quamlibet
487 832 605 893 musam
618 832 656 893 ad
675 851 764 910 quam
783 835 920 910 provenit
938 835 1052 897 oblacio
1071 838 1183 897 denarii
1201 838 1240 897 ad
1259 840 1357 899 minus
1372 840 1405 900 in

305 916 377 975 villa
400 914 438 974 de
459 914 582 974 Pertton
605 918 636 973 et
661 913 695 973 in
718 914 888 975 racionabili
910 916 1006 993 legato
1029 918 1158 979 mundo
1184 923 1251 996 post
1276 921 1406 998 legatum

305 996 431 1057 ecclesie.
473 994 551 1053 Item
564 994 598 1054 in
610 993 746 1055 omnibus
759 996 883 1055 minutis
896 996 1016 1057 decimis
1029 999 1229 1060 oblacionibus
1248 1005 1278 1059 et
1298 1002 1406 1060 obven-

305 1078 439 1137 tionibus
448 1074 547 1135 altaris
557 1074 666 1153 capelle
673 1076 710 1134 de
720 1074 886 1137 Ikelemord
895 1078 1115 1139 etinomnibus
1125 1080 1245 1140 decimis
1253 1082 1405 1157 garbarum

304 1158 416 1218 ibidem
428 1160 523 1233 preter
535 1174 624 1234 quam
638 1156 676 1215 de
688 1156 836 1216 dominico
850 1156 968 1218 Radulfi
981 1158 1018 1219 de
1031 1160 1151 1237 Ripaeis
1163 1165 1194 1220 et
1206 1162 1245 1221 de
1257 1162 1404 1223 dominico

304 1238 461 1299 Willielmi
473 1236 514 1297 fil’
528 1236 653 1297 Radulfn
692 1236 770 1296 Item
782 1238 817 1297 in
830 1239 967 1299 omnibus
981 1241 1103 1301 minutis
1115 1241 1236 1302 decimis
1249 1242 1403 1304 oblacioni-

303 1320 359 1379 bus
384 1325 415 1380 et
437 1318 666 1379 obventionibus
687 1317 786 1379 altaris
810 1319 919 1396 capelle
942 1320 980 1380 de
1003 1321 1141 1383 Ranemc
1163 1327 1194 1383 et
1216 1324 1250 1382 in
1268 1324 1404 1385 omnibus

304 1400 425 1460 decimis
450 1399 603 1478 garbarum
628 1398 739 1458 ibidem
766 1404 862 1477 preter
888 1420 978 1479 quam
1003 1402 1041 1464 de
1067 1403 1213 1463 dominico
1236 1404 1404 1465 Wischardi

304 1481 418 1561 Leydet
431 1486 462 1541 et
479 1480 517 1541 de
536 1498 596 1541 una
615 1480 728 1557 virgata
743 1482 819 1540 terre
837 1483 1042 1543 canomcorum
1061 1482 1099 1543 de
1118 1483 1243 1544 Lanton’
1255 1486 1336 1545 unde
1347 1505 1402 1545 nec

304 1564 430 1624 decimas
450 1562 603 1641 garbarum
625 1580 678 1621 neo
702 1561 832 1622 minutas
856 1563 981 1623 decimas
1000 1564 1140 1643 percipiet
1158 1566 1293 1626 noerius
1336 1565 1402 1627 Sus

302 1645 412 1705 tinebit
431 1648 529 1705 autem
549 1642 676 1705 vicarius
696 1643 794 1703 omnia
817 1662 904 1703 onera
924 1648 985 1704 tam
1008 1646 1183 1725 episcopalia
1202 1666 1293 1725 quam
1312 1648 1403 1707 archi·

303 1726 465 1787 diaeonffia
490 1728 551 1785 tem
577 1742 630 1801 pro
656 1722 775 1783 eeclesia
808 1724 846 1783 de
872 1726 994 1786 Pertton
1020 1745 1109 1804 quam
1134 1747 1188 1806 pro
1213 1728 1332 1805 capellis
1364 1729 1401 1789 ds

303 1806 468 1867 Ilrelesiord
494 1808 524 1865 et
550 1804 588 1865 de
607 1804 744 1865 Raneude
770 1810 980 1884 preterquam
1005 1808 1170 1886 hospicium
1195 1808 1401 1870 Archidiaeoni

302 1888 382 1965 qnod
395 1886 553 1965 supradicti
565 1886 645 1963 prior
656 1898 687 1945 et
699 1891 862 1947 oonvmtus
874 1888 1070 1951 sustinebunt

362 2057 531 2113 WESTON.
557 2046 675 2107 Vicaria
686 2046 719 2106 in
732 2046 852 2108 eeclesia
860 2048 899 2109 de
908 2050 1033 2111 Weston
1045 2070 1104 2130 que
1116 2055 1160 2112 est
1172 2050 1401 2130 Templariorum

302 2129 453 2193 exdudnm
485 2128 619 2189 ordinata
651 2128 785 2189 consistit
818 2130 851 2189 in
884 2132 1020 2193 omnibus
1056 2133 1179 2193 minutis
1213 2134 1334 2194 decimis
1370 2138 1401 2195 et

302 2210 531 2273 obvenciomhua
544 2210 581 2269 de
594 2210 656 2270 sola
668 2209 794 2270 Wsstou
812 2229 880 2270 cum
899 2231 1001 2274 manso
1019 2218 1212 2292 competente.
1251 2215 1292 2275 Et
1304 2215 1399 2276 solvet

301 2294 427 2357 donus
439 2296 556 2353 tantum
568 2290 727 2371 synodalia

362 2462 611 2519 WYMUNDELE.
637 2452 755 2515 weris
767 2453 801 2513 in
813 2454 932 2515 ecclesia
944 2454 981 2516 de
993 2474 1083 2534 parva
1092 2455 1274 2517 Wrmundel’
1285 2476 1343 2534 que
1355 2463 1400 2519 est

300 2538 404 2619 prioris
423 2532 577 2613 hospitalis
597 2534 706 2595 ibidem
728 2538 899 2597 auctoritate
920 2538 1037 2598 concilii
1058 2538 1191 2598 ordinata
1213 2540 1347 2599 consistit
1366 2540 1400 2599 in

301 2625 364 2681 toto
377 2616 514 2696 altaragio
528 2616 657 2694 exceptis
670 2616 790 2681 decimis
812 2622 842 2679 et
861 2617 1091 2679 obtensionibus
1110 2619 1233 2680 fratrum
1245 2620 1400 2699 hospitalia

301 2701 424 2780 predicti
440 2698 520 2779 quod
538 2699 628 2759 situm
648 2704 693 2758 eet
705 2698 738 2757 in
751 2701 852 2763 eadem
865 2700 1001 2778 parochie
1013 2704 1043 2760 et
1058 2701 1188 2779 exceptis
1200 2701 1400 2761 oblacionibus

300 2784 392 2843 totius
405 2780 516 2845 familie
529 2778 687 2840 maundem
699 2784 729 2839 et
742 2778 855 2843 decima
868 2781 905 2842 de
917 2780 1005 2841 vinea
1017 2780 1131 2841 domini
1148 2787 1180 2841 et
1200 2781 1400 2843 oblacionibus

301 2864 414 2924 domini
426 2868 457 2926 et
468 2862 558 2922 libere
570 2860 681 2921 familie
694 2864 784 2923 sueai
801 2862 918 2942 quando
937 2862 971 2921 in
990 2862 1048 2923 alio
1067 2863 1131 2922 loco
1151 2863 1315 2923 oblaciones
1331 2882 1399 2923 suas

301 2944 393 3085 {acere
405 2944 539 3007 voluerit
582 2942 723 3021 Magister
739 2961 809 3005 vero
828 2942 981 3021 hospitalis
1000 2943 1187 3022 respondebit
1206 2944 1244 3005 de
1263 2942 1399 3005 omnibns

322 3026 409 3087 ebitis
422 3033 452 3088 et
465 3025 618 3085 consuetis.

363 3197 512 3253 ΗΙΟΟΗΕ.
538 3184 655 3247 vicarie
673 3185 707 3246 iu
726 3186 846 3247 ecclesia
864 3186 902 3247 de
921 3184 1044 3262 Hyeche
1063 3204 1121 3263 que
1133 3189 1179 3246 sat
1191 3186 1349 3248 Abbatiaee
1368 3192 1398 3247 et

300 3273 462 3331 conventus
482 3268 519 3327 de
533 3269 707 3328 dunestowe
730 3269 901 3328 auctoritate
925 3267 1041 3327 ooncffii
1065 3266 1198 3328 ordinata
1218 3269 1352 3329 condatit
1364 3269 1398 3329 in

299 3353 362 3410 toto
374 3349 511 3426 altaragio
524 3348 617 3426 ipsius
629 3348 747 3410 ecclesie
759 3348 1058 3410 etunaacrainuno
1071 3367 1172 3427 campo
1183 3354 1213 3409 et
1227 3349 1397 3409 aliainalio

266 3436 269 3441 '
299 3436 330 3491 et
342 3432 376 3491 iu
388 3448 489 3491 maneo
512 3434 694 3509 competente
717 3436 747 3491 et
769 3430 872 3491 reddet
893 3430 1018 3491 vicatim
1040 3428 1127 3490 dietis
1146 3431 1323 3491 monialibus
1341 3430 1395 3507 xiij

299 3528 408 3573 mancas
427 3530 539 3573 annuas
558 3510 596 3571 de
615 3511 723 3590 quibua
745 3513 809 3591 ipse
831 3512 971 3573 moniales
993 3510 1109 3573 solvent
1130 3510 1269 3573 iratribus
1293 3512 1398 3590 templi

299 3612 390 3655 unam
415 3610 541 3654 mmcam
566 3611 694 3654 aunum
723 3600 753 3655 et
777 3593 966 3673 respondebit
989 3592 1115 3653 destina
1137 3592 1175 3653 de
1197 3592 1396 3673 synodalibus

299 3673 444 3735 Monialea
467 3693 535 3735 vero
555 3674 720 3753 hospicium
738 3674 945 3735 Archidiaconi
957 3674 1160 3752 procurabunt
1205 3674 1285 3735 Sunt
1298 3678 1397 3735 autem

298 3755 342 3817 ibi
355 3757 414 3818 duo
429 3755 572 3834 capellani
590 3756 749 3817 necesmrii

359 3927 494 3983 MAGNA
510 3927 745 3982 wlmuuetuf.
771 3915 1396 3996 Vicariainecclesiademagnawimundel’

298 4018 355 4078 que
378 4004 422 4059 est
445 3998 601 4059 earundem
624 4000 795 4059 anctoritate
818 4000 936 4060 concilii
958 3998 1093 4060 ordinata
1114 3999 1248 4059 oonnstst
1274 3999 1305 4057 in
1332 4002 1396 4057 toto

298 4081 436 4157 altaragio
455 4098 523 4141 cum
541 4098 642 4140 manso
663 4086 845 4157 competente
863 4085 894 4140 et
913 4080 946 4140 in
963 4099 1022 4139 una
1034 4098 1099 4140 acra
1118 4080 1153 4139 in
1165 4099 1224 4139 uno
1244 4097 1345 4157 campo
1366 4083 1397 4138 et

298 4163 355 4223 alia
367 4162 401 4221 in
413 4162 470 4223 alio
484 4166 514 4221 et
528 4159 623 4222 solvet
638 4162 763 4222 visam
787 4162 874 4223 dietis
897 4160 1073 4221 monialibus
1092 4160 1246 4221 dimidiam
1270 4179 1396 4219 mmmm
1424 4169 1429 4180 ¹

298 4244 450 4304 annuatim
463 4247 493 4303 et
505 4242 692 4319 respondebit
711 4242 748 4303 de
768 4243 966 4305 sinodalibus:
986 4242 1126 4303 moniales
1145 4261 1213 4304 vero
1233 4242 1396 4319 hospicium

299 4324 504 4386 Archidieconi
517 4322 720 4404 procurabunt.
