3192 5367
586 582 744 637 nueonus
766 582 891 636 uncus
1256 570 1298 636 39

261 740 455 801 mnenon.
504 730 621 791 Vicetia
632 730 666 791 in
679 731 797 793 ecclesia
816 731 854 791 de
873 730 1008 792 Meleton
1021 694 1086 808 ‘que
1098 736 1143 792 cst
1154 735 1258 810 prioris
1271 742 1302 797 et

200 816 363 873 conventus
377 811 407 873 S.
422 810 541 872 Andree
561 812 785 890 Northsmpton'
805 811 957 872 exdndum
976 812 1109 873 ordinato
1121 816 1255 877 consistit
1267 818 1301 879 in

200 893 335 954 omnibus
349 893 387 953 ed
400 893 548 953 ecclesiam
561 894 654 971 ipsam
667 893 881 971 pertinentibus
891 898 986 971 preter
995 893 1136 954 decimam
1148 896 1301 973 garbarum

200 974 360 1035 secundum
371 978 502 1035 tenorem
515 978 592 1035 carte
605 975 748 1035 dictorum
758 975 965 1035 monachorum
975 973 1060 1055 nohis
1070 975 1201 1039 exhibito
1213 998 1301 1059 quam

200 1056 377 1116 Benedictus
388 1056 514 1116 vicarius
527 1056 680 1117 institutus
692 1055 780 1116 babet
792 1058 830 1117 de
842 1054 959 1117 eisdem.

262 1280 509 1335 salonentiae.
549 1268 666 1329 Vicaris
692 1268 725 1328 in
752 1267 872 1329 ecclesia
898 1267 935 1328 do
963 1266 1145 1328 Ghildchurc
1172 1288 1229 1346 que
1257 1276 1302 1331 est

200 1347 452 1426 hospitalariorum
475 1348 625 1409 exdudum
652 1349 784 1409 ordinata
811 1349 944 1409 consistit
968 1349 999 1408 in
1024 1353 1088 1408 toto
1111 1349 1248 1429 altaragio
1270 1356 1301 1413 ct

201 1428 323 1489 dimitiis
341 1428 453 1505 virgata
471 1434 546 1489 terre
565 1449 631 1490 cum
651 1430 840 1507 peutinenciis
859 1435 889 1490 ot
909 1448 976 1490 cum
999 1448 1100 1489 manso
1121 1438 1302 1509 competente

199 1510 332 1571 nondum
344 1510 507 1588 assignato:
526 1510 670 1571 admissus
688 1516 787 1572 autem
801 1510 943 1571 Ricardus
954 1510 1079 1571 vicarius
1092 1515 1123 1570 ot
1136 1512 1301 1589 institutus,

200 1591 342 1733 {tusaquod
360 1610 412 1669 peu
431 1591 486 1651 hoc
506 1592 598 1653 nichil
618 1592 694 1669 juris
720 1597 862 1653 aocnoecat
888 1593 937 1652 vel
956 1591 1100 1653 dwmscat
1120 1595 1250 1669 patronis
1268 1594 1302 1654 in

260 1673 319 1733 ssia
333 1677 496 1733 memorata

263 1899 411 1955 ESSEBY.
450 1884 568 1945 Viccria
587 1885 621 1944 in
640 1884 758 1945 ecclesia
777 1885 814 1945 de
834 1884 946 1963 Fsseby
962 1904 1020 1963 que
1039 1890 1083 1946 est
1095 1886 1303 1947 monachornm

202 1967 239 2028 de
251 1966 392 2027 Daventn’
405 1966 576 2027 auctoiitste
589 1966 705 2027 concilii
718 1966 852 2028 ordinata
864 1967 998 2027 consistit
1011 1967 1045 2027 in
1058 1967 1244 2045 porcionibus
1256 1969 1301 2045 iiij

201 2048 286 2109 merc'
301 2047 386 2109 certis
395 2048 441 2107 illi
454 2047 491 2108 de
503 2048 604 2107 cadem
613 2048 731 2109 ecclesis
738 2067 790 2126 peu
798 2048 1045 2109 Anchidiaconum
1055 2048 1113 2109 loci
1122 2050 1304 2127 assignandis

203 2149 270 2191 cum
282 2148 382 2189 manso
396 2133 577 2207 competente
589 2150 596 2189 c
616 2133 646 2189 et
660 2128 754 2190 solvet
762 2130 886 2190 vicarius
896 2129 1048 2205 sinodalia,
1057 2130 1193 2191 monachi
1205 2134 1304 2191 autom

203 2210 300 2271 omnia
314 2211 372 2272 alia
384 2229 471 2271 onera
484 2210 583 2271 debita
597 2214 627 2271 et
640 2214 777 2272 consueta
788 2210 983 2271 sustinebunt

263 2436 497 2492 WELLEFORD.
523 2422 1304 2501 VicsriainecelcsiadeWellefordqueestabbatisct

168 2551 170 2559 .
203 2508 364 2566 conventus
377 2504 414 2563 de
432 2503 545 2581 Suleby
564 2504 735 2564 anctoritate
755 2502 872 2563 concilii
891 2504 1024 2564 ordinate
1043 2504 1177 2564 consistit
1195 2506 1229 2565 in
1241 2509 1304 2565 toto

202 2586 338 2663 altanagio
352 2585 430 2644 dicto
443 2584 560 2645 ecclesie
586 2603 653 2644 cum
676 2585 799 2645 minutis
822 2584 942 2645 decimis
962 2603 1019 2662 que
1038 2586 1139 2645 valent
1151 2586 1204 2663 viij
1219 2584 1304 2645 manc’

201 2668 290 2729 salvis
318 2666 406 2726 dictis
429 2664 529 2726 abbati
549 2670 579 2726 et
599 2666 758 2728 conventui
777 2666 811 2743 iij
835 2666 920 2725 marc'
940 2666 1047 2727 annuis
1066 2666 1103 2726 de
1126 2664 1244 2727 eadem
1267 2665 1305 2726 de

203 2749 340 2809 oneribus
354 2747 446 2808 nichil
456 2752 501 2807 oet
514 2746 689 2808 ordinatum.

198 2926 201 2933 ’
266 2918 504 3029 sinitensis.
531 2958 648 3019 voees
667 2958 699 3018 in
717 2957 837 3020 measa
850 2956 1306 3035 deLfflebumqucestcbbscis

209 3048 239 3103 et
249 3045 409 3103 conventus
423 3039 572 3101 noneste
581 3040 751 3101 anctoritate
761 3039 879 3100 concilii
890 3040 1023 3099 ordinata
1035 3039 1169 3099 consistit
1181 3034 1303 3120 [blasti

264 3268 369 3322 west
391 3265 560 3328 ΗΑῠῠοΝ,
604 3252 721 3313 Vicania
732 3253 766 3312 in
779 3251 898 3313 ecclesia
911 3252 948 3311 dc
960 3252 1046 3312 Wcst
1058 3251 1179 3312 haddon
1191 3270 1248 3329 que
1261 3255 1306 3311 est

149 3338 152 3343 '
205 3335 412 3397 monachorum
425 3333 461 3392 de
475 3332 616 3392 Dauentr'
637 3333 806 3395 auctoritato
827 3332 942 3394 concilii
965 3333 1097 3394 onlinata
1119 3333 1254 3394 consistit
1272 3320 1305 3392 iii

205 3420 268 3478 toto
288 3415 424 3493 altaragio
444 3432 512 3474 cum
531 3432 633 3476 manso
654 3420 835 3493 competente
855 3420 886 3475 et
905 3414 1000 3475 solvet
1019 3415 1144 3474 moesias
1163 3413 1306 3474 sinodalia
1437 3462 1441 3469 .

203 3503 327 3559 tantum.
364 3494 504 3559 Monschi
516 3514 586 3555 uero
600 3501 693 3557 cotona
705 3515 793 3557 onera
806 3495 905 3557 debita
917 3500 948 3557 et
960 3500 1097 3557 consueta
1109 3494 1303 3557 sustinebunt.

267 3724 430 3781 ουετοκ,
458 3710 576 3771 Vicoric
584 3709 618 3769 in
627 3706 790 3768 ecclesisde
799 3708 918 3768 Dnston
928 3726 985 3785 que
998 3710 1043 3767 est
1055 3708 1259 3767 canonicorum
1272 3706 1303 3768 S.

203 3793 226 3853 J
226 3793 310 3853 scobi
322 3792 354 3852 N
354 3792 550 3869 orthammon’
563 3791 733 3850 anctoritate
747 3789 863 3850 concilii
885 3789 1019 3849 ordinato
1041 3790 1174 3865 consistit
1196 3789 1230 3848 in
1241 3792 1305 3848 toto

207 3874 344 3951 altanagio
368 3890 435 3932 cum
457 3890 559 3932 manso
582 3875 764 3949 competente
787 3874 818 3930 ot
843 3870 945 3930 reddet
970 3869 1041 3929 inde
1066 3871 1191 3930 vicatim
1215 3888 1305 3928 unam

206 3968 470 4015 maroemnnnuem
485 3953 629 4013 cononicis
643 3952 806 4012 antedictis
849 3950 980 4012 Habebit
989 3950 1080 4009 eciam
1092 3951 1171 4010 idem
1180 3950 1306 4009 vicanus

206 4041 299 4096 totam
318 4035 457 4113 capellam
477 4035 560 4094 besto
580 4034 742 4111 Margcrete
761 4051 828 4093 cum
847 4032 905 4091 alio
924 4050 1025 4091 manso
1038 4031 1186 4091 reddendo
1198 4030 1303 4107 indeij

207 4136 315 4177 marcae
335 4116 444 4176 eisdem
464 4115 610 4175 canonicis
629 4114 782 4174 annuatim
801 4114 834 4172 in
853 4131 912 4190 qua
931 4113 1063 4172 inveniet
1075 4112 1256 4189 capellanum
1275 4118 1306 4170 ot

207 4196 472 4339 ffltsiuodalia
523 4196 666 4257 canonici
690 4214 758 4256 vero
791 4194 987 4272 procurabunt
1014 4193 1177 4271 hospicium
1204 4192 1305 4251 Auchi·

271 4299 329 4339 om.
