3192 5367
268 510 332 575 102
657 524 762 579 LIBER
782 524 959 589 arnonus

329 688 520 746 ΒΑΜρτοΝ·
534 693 598 736 cam
610 676 796 735 ordinacione
809 676 916 735 vicem
928 675 1061 750 cadem

329 758 474 819 Omnibus
486 756 538 819 bo.
581 756 705 817 Noverit
717 758 891 817 universitas
903 761 999 817 vestre
1012 756 1092 833 quod
1104 774 1158 816 uos
1168 756 1205 815 de
1214 756 1365 817 voluntate

268 838 401 917 Capituli
433 838 528 898 ΕΜ
554 856 641 916 super
673 837 792 897 ecclesia
825 836 862 897 de
888 836 1042 915 Bamptcn’
1070 842 1100 897 et
1132 837 1268 897 omnibus
1301 839 1364 915 ejus

268 920 455 999 pertinenciis
467 923 497 979 et
510 920 591 978 omni
600 921 667 995 jure
678 919 771 997 ipsius
786 938 818 978 se
837 922 941 995 sponte
960 918 1130 995 simpliciter
1142 924 1171 978 et
1185 938 1255 995 pure
1268 925 1365 978 nostre

267 1002 430 1080 peremnia
448 1000 638 1077 subjectionis
657 1000 836 1059 ordinecicni
855 1004 885 1058 ct
905 998 942 1058 de
961 1018 1079 1060 assensu
1092 1000 1198 1077 Rogeri
1211 1000 1322 1060 Decani
1334 1004 1364 1059 ct

268 1082 399 1160 Capituli
421 1082 513 1142 nostri
536 1081 618 1141 Linc'
640 1100 727 1158 super
751 1081 812 1140 hiis
838 1080 1052 1139 ordinacionem
1077 1082 1200 1140 fecimus
1222 1082 1255 1139 in
1277 1078 1363 1140 modo

268 1164 438 1240 subscripto.
481 1163 682 1224 concessimus
695 1161 832 1239 Capitulo
847 1159 940 1220 ΕΜ
953 1166 1046 1220 totam
1060 1162 1140 1221 illam
1155 1163 1318 1239 porcionem
1331 1162 1363 1219 in

267 1245 397 1323 proprios
409 1262 480 1303 usus
492 1244 656 1303 habendam
668 1244 786 1302 nomine
799 1243 932 1321 perpetui
944 1242 1078 1302 beneficii
1092 1262 1179 1320 quam
1193 1242 1230 1301 sb
1244 1244 1363 1319 antique

268 1325 671 1403 quandocunqueinpropriis
678 1324 780 1384 usibus
788 1324 1021 1383 cousuevitidem
1027 1324 1196 1401 Capitulum
1204 1325 1365 1383 retinerest

268 1406 500 1484 quandocunque
513 1405 577 1465 allis
590 1406 717 1465 conferre
730 1424 782 1483 pro
795 1424 849 1465 sue
861 1405 1021 1465 voluntate.
1053 1405 1163 1465 Verum
1177 1405 1214 1464 dc
1230 1406 1364 1481 porcione

267 1485 1364 1565 quamRcbertusdeLucytenuitetaliapcrcionequachhenuesffl’Joheu-

267 1565 1364 1726 meritonensibusrecenserent

267 1730 306 1789 de
324 1730 408 1807 Lucy
427 1731 524 1791 tenuit
546 1735 662 1791 centum
684 1729 793 1789 solidos
819 1748 931 1789 annuos
957 1729 1097 1807 quamdiu
1120 1730 1227 1789 vixerit
1247 1729 1364 1787 nomine

267 1810 402 1872 beneficii
422 1811 559 1890 Capitulo
579 1811 673 1871 ΕΜ
690 1812 835 1889 persolvet
858 1811 895 1869 dc
915 1810 1014 1870 eadem
1033 1810 1187 1887 poncione:
1213 1807 1364 1869 Jchsnnes

267 1908 336 1953 vero
345 1898 519 1953 memoratus
528 1898 587 1952 tres
596 1911 704 1955 marcas
713 1911 825 1952 annuas
834 1892 928 1951 eidem
939 1891 1075 1968 Capitulo
1086 1892 1220 1953 similiter
1229 1895 1291 1950 tote
1303 1892 1365 1951 vite

267 1974 413 2051 persolvet
424 1974 461 2032 de
473 1992 526 2032 sua
544 1975 679 2051 porcione
698 1993 771 2051 quas
790 1974 871 2051 prius
889 1973 1006 2032 reddere
1020 1973 1178 2033 cousuevit.
1221 1972 1255 2032 Si
1267 1974 1365 2031 autem

267 2055 422 2131 contigerit
434 2053 506 2115 duas
518 2054 668 2131 porciones
681 2068 753 2132 quas
766 2054 889 2133 predicti
903 2058 1004 2113 tenent
1014 2054 1109 2113 clerici
1118 2053 1252 2113 similiter
1264 2071 1365 2112 vacare

267 2135 373 2194 meede
380 2134 489 2194 eisdem
496 2135 612 2212 equales
622 2136 694 2195 fient
701 2138 850 2213 porciones
859 2140 890 2195 et
897 2136 948 2194 ille
956 2139 1013 2194 tres
1021 2136 1168 2212 porciones
1177 2136 1217 2194 sic
1228 2134 1365 2194 distincte

268 2221 327 2275 tres
339 2220 476 2293 perpetue
488 2221 575 2275 erunt
587 2217 694 2276 vicarie
706 2218 739 2275 iu
753 2217 854 2276 eadem
869 2216 987 2277 ecclesie
1007 2216 1045 2275 ed
1064 2234 1186 2293 quarum
1206 2215 1365 2293 quemlibet

268 2298 499 2375 quandocunque
531 2299 676 2357 vacaverit
706 2297 876 2375 Capitulum
899 2295 993 2357 ΕΜ
1025 2298 1203 2374 presentabit
1226 2296 1365 2356 vierium

268 2383 440 2456 perpetuum
453 2379 538 2438 nobis
551 2384 581 2438 et
601 2380 811 2441 suecessoribus
830 2380 937 2438 uostris
956 2379 1169 2438 instituendum
1189 2379 1222 2437 in
1236 2378 1365 2437 cedema

268 2460 355 2519 nobis
381 2464 412 2519 et
437 2449 562 2537 quilibet
594 2460 711 2521 illcmm
737 2460 910 2521 vicariorum
934 2461 1079 2537 persolvet
1107 2460 1242 2537 Capitulc
1270 2458 1363 2517 ΕΜ

268 2541 399 2618 quinque
410 2560 520 2601 marces
539 2560 649 2601 annues
669 2542 787 2602 nomine
806 2541 939 2619 perpetui
958 2541 1148 2611 beneficiide
1166 2560 1218 2600 sus
1230 2540 1364 2617 porcione

268 2622 469 2683 stistivicarii
478 2622 1016 2683 deservientinscelesiaillacontinue
1026 2621 1364 2700 personaliterincrdine

268 2702 438 2763 sacerdotali
450 2708 480 2763 et
493 2703 709 2781 respondebunt
722 2706 755 2763 in
771 2706 940 2765 universum
954 2704 990 2764 de
1004 2704 1214 2782 episcopalibus
1226 2702 1364 2762 erchidie

268 2784 419 2844 ccnslibus
432 2784 567 2844 oneribus
580 2790 610 2843 et
622 2786 889 2845 consuetudinibus.
933 2783 981 2845 Its
991 2785 1063 2863 quid
1073 2785 1152 2861 quod
1165 2784 1365 2862 uuusquisque

268 2884 321 2942 pro
334 2884 387 2925 sua
398 2866 463 2926 vice
476 2872 506 2925 et
518 2885 572 2925 suc
585 2885 662 2926 auno
674 2865 731 2926 hcc
747 2873 791 2926 est
811 2867 848 2925 de
867 2868 992 2926 triennio
1013 2867 1045 2925 in
1065 2867 1223 2926 triennium
1236 2865 1321 2925 nobie
1334 2868 1365 2922 et

268 2947 478 3007 successoribus
490 2947 597 3007 nostris
615 2952 645 3006 et
656 2947 869 3008 Archidiaccnc
890 2948 984 3007 ΟΜ
997 2952 1059 3008 tam
1078 2947 1114 3006 de
1133 2947 1263 3024 hospicio
1277 2964 1364 3023 quem

269 3026 306 3085 de
332 3028 451 3104 reliquis
477 3028 614 3088 oneribus
640 3029 673 3088 in
699 3028 825 3089 solidum
858 3029 1052 3107 respondebit.
1093 3029 1223 3088 Ecclesia
1249 3044 1364 3104 quoque

269 3109 399 3184 ejusdem
418 3109 490 3169 ville
509 3110 546 3168 ds
566 3109 718 3186 Bamptcn'
732 3129 799 3169 cum
820 3112 955 3170 omnibus
974 3110 1160 3187 pertinenciis
1174 3111 1234 3169 suis
1253 3110 1365 3185 integre

202 3263 205 3268 Ι
268 3188 400 3265 subjecta
412 3191 468 3249 erit
486 3191 700 3268 imperpetuum
713 3191 798 3250 nobis
812 3196 842 3251 et
854 3192 1064 3251 successoribus
1077 3192 1184 3250 nostris
1198 3196 1227 3249 st
1247 3190 1364 3249 ecclesie

269 3269 352 3329 Linc’
375 3275 406 3330 et
429 3271 642 3331 Archidiacouc
666 3272 760 3331 ΟΜ
784 3278 933 3350 tamquam
960 3273 1078 3333 ecclesia
1100 3270 1279 3351 parochialis.
1331 3269 1365 3330 si

268 3369 338 3411 vero
361 3352 514 3429 contigerit
535 3351 704 3413 ulterutram
730 3360 951 3413 memoratarum
977 3354 1100 3413 duarum
1123 3354 1291 3430 porcionem
1313 3368 1365 3427 per

268 3433 400 3509 seprius
420 3451 520 3493 vacare
541 3434 626 3493 nobis
650 3440 680 3493 et
703 3435 914 3495 successoribus
937 3436 1043 3495 nostris
1066 3435 1279 3513 presentabitur
1304 3450 1364 3509 per-

269 3517 375 3589 petuus
394 3513 519 3574 vicarius
538 3534 591 3593 per
609 3520 798 3575 memoratum
819 3516 989 3595 Capitulum
1008 3515 1103 3576 ΕΜ
1123 3515 1161 3575 ad
1181 3515 1253 3575 duas
1269 3517 1364 3591 partes

268 3594 350 3653 illius
382 3595 526 3673 porcionis
559 3614 577 3655 s
609 3597 695 3656 nobis
727 3597 926 3658 imtituendee
961 3598 1079 3659 nomine
1115 3616 1237 3675 quarum
1271 3594 1364 3654 solvet

269 3674 407 3752 Capitulo
427 3676 521 3736 ΕΜ
540 3677 671 3753 quinque
686 3697 796 3738 marcas
811 3698 922 3739 annues
937 3680 1055 3739 nomine
1071 3678 1203 3757 perpetui
1223 3675 1362 3738 beneficii.

269 3755 398 3816 Terciam
410 3776 479 3817 vero
492 3763 603 3835 partem
615 3758 696 3817 illius
711 3760 855 3837 porcionis
875 3758 987 3820 tenebit
999 3760 1078 3819 idem
1090 3759 1214 3821 vicsrius
1227 3756 1365 3818 solvendo

269 3837 340 3897 iude
362 3839 513 3898 annuatim
537 3838 674 3916 Capitulc
697 3839 792 3900 ΕΜ
816 3842 934 3901 nomine
956 3841 1090 3901 beneficii
1110 3840 1183 3900 dues
1205 3858 1314 3900 merces
1335 3840 1366 3895 et

269 3918 421 3979 dimidiam
440 3919 532 3980 donec
552 3920 639 3979 aliam
659 3939 758 3981 vacare
781 3923 934 3999 contigerit
953 3923 1142 4001 porcionem..
1168 3923 1208 3981 Et
1228 3940 1294 3981 cum
1309 3918 1366 3977 elia

269 4001 367 4077 porcio
380 4001 526 4061 vacaverit
538 4005 609 4060 tuuc
623 4001 675 4061 illa
688 4004 776 4063 tercia
788 4002 980 4080 conjungetur
992 4004 1079 4064 tercie
1092 4004 1210 4064 alterius
1222 4000 1366 4081 porcionis

270 4086 351 4141 etex
369 4081 430 4142 illis
449 4082 563 4143 duabus
585 4082 682 4147 tertiis
705 4084 756 4143 fiet
779 4103 839 4145 una
859 4085 966 4145 viceris
988 4085 1026 4145 ad
1046 4106 1133 4163 quem
1153 4084 1367 4163 presentabitur

269 4167 426 4241 perpetuus
451 4164 576 4225 vicarius
608 4183 660 4242 per
685 4165 884 4243 supradictum
913 4166 1082 4245 Capitulum
1108 4164 1203 4227 ΕΜ
1228 4166 1313 4226 nobis
1336 4166 1366 4221 et

269 4245 481 4306 successoribus
502 4246 609 4305 nostris
632 4265 650 4306 e
672 4247 757 4307 nobis
779 4247 978 4309 instituendus
1002 4250 1054 4325 qui
1076 4249 1114 4308 de
1136 4248 1237 4308 eedem
1259 4244 1367 4307 vicaria

270 4324 404 4385 similiter
426 4328 519 4387 solvet
543 4327 679 4406 Capitulc
702 4328 796 4388 ΕΜ
820 4329 950 4407 quinque
976 4350 1085 4391 merces
1110 4349 1222 4391 annues
1248 4329 1367 4389 nomime
