3192 5367
611 578 766 632 Eudorus
794 578 919 634 wenis.
1272 567 1323 667 ’19

665 712 669 730 ’
700 724 764 807 [Εο.
781 724 839 809 68].

286 846 426 901 wENGE.
453 832 570 893 Vioaria
596 833 628 892 in
656 833 774 893 eooleaia
802 833 840 892 de
867 832 980 910 Wenge
1001 853 1058 912 que
1084 839 1129 895 est
1154 834 1270 897 abbatis
1293 844 1323 899 et

225 918 384 973 conventus
399 914 429 975 S.
444 914 582 973 Nioholai
602 914 639 974 de
657 914 803 991 Aungiars
822 914 972 975 exdudum
991 916 1124 975 ordinata
1143 919 1277 978 oonsistit
1288 920 1322 980 in

224 996 311 1054 teroia
323 1000 405 1073 parte
418 996 548 1055 omnium
568 996 803 1073 provenienoium
822 996 880 1073 ipsi
896 996 1013 1056 eooleeie
1025 998 1177 1072 garbarum
1190 999 1321 1077 altaragii

224 1079 363 1135 terrarum
375 1087 406 1135 at
418 1076 588 1155 generaliter
601 1078 730 1136 omnium
744 1078 782 1137 ad
795 1077 903 1136 dietam
916 1078 1064 1137 eoolesiam
1078 1080 1320 1156 pertinencium*

457 1182 471 1211 ⁴⁸
483 1180 1094 1233 Thmotsanaimosttllegtblenotetnthemsrglnhere.

210 1297 225 1320 ³
286 1328 575 1383 ΜεεεενιοῃτΗε
602 1314 719 1375 Vinaria
738 1316 771 1375 in
791 1314 909 1374 eooleaia
935 1315 972 1374 de
998 1314 1174 1376 Messeword
1200 1335 1257 1396 que
1277 1323 1322 1378 est

223 1396 326 1473 prioris
349 1400 379 1455 at
402 1400 562 1455 conventus
584 1395 620 1455 de
643 1395 808 1456 Kaldewell
830 1401 897 1473 post
919 1395 1067 1456 decessum
1090 1398 1139 1457 vel
1162 1401 1320 1459 oessionem

223 1477 358 1554 Magistri
369 1476 488 1536 Ricardi
500 1476 537 1535 de
549 1476 725 1554 Tingehurst
738 1476 775 1537 de
788 1477 866 1536 dono
879 1477 1014 1554 Hugonis
1023 1479 1144 1539 secundi
1156 1485 1187 1539 et
1199 1480 1321 1558 oapituli

224 1576 276 1635 per
301 1557 426 1617 eundem
451 1558 583 1617 ordinata
609 1558 741 1618 consistit
773 1558 807 1617 in
838 1562 901 1618 toto
934 1558 1071 1636 altaragio
1104 1566 1134 1619 et
1167 1560 1200 1619 in
1232 1563 1322 1621 teroia

223 1643 305 1717 parte
319 1638 429 1698 deoima
441 1640 592 1717 garbarum
606 1638 642 1697 de
658 1640 804 1698 dominico
823 1638 957 1699 Toretani
970 1639 1071 1699 Baaset
1083 1643 1113 1699 et
1125 1640 1158 1700 in
1171 1645 1234 1702 tota
1245 1647 1322 1702 tarra

224 1720 263 1779 ad
276 1720 384 1779 dietam
403 1721 552 1781 eeclesiam
571 1720 735 1798 pertinente
755 1720 885 1797 exeeptis
904 1723 1031 1797 quatuor,
1042 1723 1115 1781 aeris
1130 1721 1218 1782 dietis
1231 1724 1321 1800 priori

225 1804 255 1860 at
281 1802 438 1862 conventui
464 1801 496 1860 in
522 1801 585 1861 loeo
612 1803 789 1879 competenti
814 1802 852 1861 ad
878 1800 1106 1864 inedifioandum
1130 1804 1319 1881 assignandis.
1383 1842 1386 1848 ·

224 1882 358 1941 Vioarins
384 1887 483 1941 autem
508 1881 619 1942 ibidem
641 1883 674 1941 in
697 1882 791 1942 offieio
814 1882 983 1943 saoerdotali
1005 1883 1211 1944 administrans
1233 1904 1321 1945 onera
1356 1942 1359 1948 ,

224 1963 396 2041 episoopalia
408 1963 573 2023 sustinebit.

287 2138 507 2193 ΜεΝτεΜοκ,
533 2123 650 2185 Vinaria
661 2126 694 2185 in
707 2124 827 2185 aeclesia
839 2123 877 2184 de
896 2124 1078 2186 Mentemora
1089 2146 1147 2205 que
1159 2131 1204 2187 est
1216 2127 1320 2205 prioris
1403 2094 1405 2098 ι

226 2211 256 2267 at
268 2212 429 2267 oonvantus
442 2206 543 2267 Sancti
556 2206 754 2267 Bartholomei
766 2206 898 2266 London’
913 2203 1034 2288 [dictale]⁸

285 2381 478 2436 νΙΑιοοΝε,
504 2367 620 2428 Vinaria
639 2368 673 2428 in
692 2367 811 2428 ecelesia
831 2367 867 2428 de
887 2366 1015 2428 waldon
1035 2372 1150 2447 quaest
1168 2369 1273 2446 prioris
1292 2374 1323 2429 et

225 2454 386 2510 conventus
399 2449 435 2508 da
455 2450 556 2527 Longa
574 2448 656 2509 Villa
675 2450 845 2510 auctoritate
865 2450 981 2509 aoncilii
998 2451 1131 2509 ordinata
1143 2450 1277 2510 consistit
1287 2452 1321 2509 in

225 2530 361 2591 omnibus
382 2532 573 2608 proventibus
602 2531 700 2591 altaris
730 2550 795 2591 oum
816 2531 938 2591 minutis
967 2529 1087 2591 deoimis
1110 2531 1246 2591 omnibus
1258 2536 1319 2592 tam

225 2611 262 2672 de
282 2611 426 2672 dominioo
447 2612 572 2673 Comitis
591 2631 678 2689 quam
698 2612 735 2671 de
754 2617 817 2672 tota
835 2611 978 2689 parochia
1026 2612 1067 2671 Et
1085 2612 1180 2672 solvet
1198 2612 1323 2673 rioarins

224 2696 341 2754 tantum
367 2694 516 2769 sinodalia,
543 2692 679 2753 monaehi
711 2698 809 2753 antem
837 2692 1001 2771 hospicium
1027 2692 1232 2753 Arahidiaooni
1258 2712 1321 2771 pro

225 2774 374 2835 curabunt.
