3192 5367
298 570 341 635 62
686 586 792 640 mnas
813 586 991 650 uuurouus

360 749 550 805 ΒεῃοΗΑΜ,
589 733 707 795 Wearia
721 734 755 795 in
769 734 888 795 ecclesia
905 734 941 796 de
955 734 1097 796 Barcham
1110 755 1167 814 que
1180 741 1225 797 est
1238 739 1396 801 eorundem

298 819 432 880 consistit
443 818 476 876 in
486 822 550 877 toto
561 816 775 891 alteragioetin
785 816 915 893 quinque
929 818 1080 894 quartariis
1090 818 1230 878 frumenti
1242 821 1397 896 peccabilis

297 906 328 960 et
350 902 384 959 in
406 918 467 958 uno
487 897 632 975 quartario
653 897 734 957 ordei
756 898 911 973 peccabilis
938 904 968 957 at
988 899 1021 957 in
1047 917 1107 959 uno
1132 901 1277 976 quartario
1305 921 1397 962 avene

297 980 453 1059 peccabilis
475 979 627 1039 aunuatim
641 978 679 1038 de
699 978 786 1038 dictis
804 978 920 1039 Abbate
933 984 963 1039 et
976 985 1123 1039 conventu
1136 982 1345 1058 percipiendis:
1367 989 1397 1043 et

296 1062 356 1139 ipsi
381 1061 484 1121 Abbas
509 1066 540 1120 et
565 1064 727 1119 conventus
753 1059 949 1137 procurabunt
962 1060 1126 1138 hospicium
1146 1062 1352 1123 Arahidiacoui
1365 1068 1395 1123 at

296 1148 390 1203 neura
422 1160 510 1201 onera
542 1141 575 1199 in
607 1145 781 1218 perpetuum
813 1141 1001 1201 sustinebunt
1033 1147 1129 1218 preter
1162 1142 1304 1203 sinodalia
1338 1163 1396 1222 qua

296 1222 498 1284 tantummodo
516 1222 641 1282 vicarius
653 1222 747 1282 solvet
759 1222 911 1282 annuatim
924 1227 954 1281 et
967 1222 1163 1299 providebunt
1176 1223 1249 1283 dicti
1261 1225 1350 1286 abbae
1365 1231 1394 1286 et

296 1309 458 1367 conventus
470 1303 578 1365 vicario
591 1302 628 1362 de
640 1303 724 1363 totto.
767 1302 808 1362 Et
820 1307 865 1363 eet
877 1304 984 1363 vicaria
996 1304 1040 1381 iiij
1056 1322 1223 1365 marearum.

356 1480 498 1535 ετονιΑ,
536 1464 654 1525 Vicetia
679 1465 712 1523 in
738 1464 859 1525 ecelesia
885 1464 922 1524 de
950 1464 1049 1527 Stowa
1075 1485 1132 1544 que
1158 1470 1203 1525 ast
1238 1468 1395 1529 eorundem

296 1548 431 1609 comistit
439 1546 472 1605 in
481 1550 545 1607 tota
554 1546 655 1607 eadam
664 1545 790 1620 ecclesia,
802 1546 942 1607 solvendo
951 1546 1021 1606 inde
1030 1547 1182 1607 annuatim
1195 1546 1282 1608 dictis
1294 1549 1396 1610 abbati

296 1634 327 1689 et
345 1628 505 1689 conventui
523 1628 561 1688 de
579 1627 679 1687 Bruue
697 1627 783 1704 xxiiij
805 1627 921 1688 solidos.
963 1626 1003 1687 Et
1022 1628 1085 1705 ipse
1100 1628 1226 1689 vicarius
1238 1631 1396 1691 sustinebit

296 1710 394 1771 omnia
406 1728 494 1771 onera
506 1709 541 1769 in
553 1713 732 1787 perpetuum.

357 1884 588 1940 Βιιιεερειο.
641 1868 758 1929 Vicetia
786 1868 820 1927 in
852 1870 971 1929 ecclesia
1004 1870 1041 1930 de
1075 1870 1226 1931 Billasfeld
1259 1890 1317 1949 que
1350 1878 1395 1934 est

294 1952 452 2012 eorundem
464 1952 507 2011 sic
520 1956 564 2010 est
577 1950 717 2011 ordinata
759 1948 893 2010 Vioarius
906 1950 1026 2011 habebit
1039 1954 1157 2011 nomine
1172 1953 1278 2013 vicarie
1297 1958 1394 2015 totum

294 2032 465 2110 altamgium
484 2035 515 2091 et
533 2031 590 2091 tn'u
609 2031 755 2109 quartaria
773 2031 915 2091 frumenti
931 2034 1086 2109 peccabilis
1106 2052 1200 2093 unum
1216 2036 1395 2111 quartarium

294 2114 375 2173 ordei
387 2112 542 2190 peccabilis
561 2117 591 2171 et
610 2131 704 2171 unum
722 2112 900 2190 quarterium
913 2132 1004 2173 avene
1017 2114 1171 2192 peccabilis
1184 2116 1337 2175 aunuatim
1357 2118 1394 2177 de

294 2194 383 2255 dictis
401 2194 507 2253 abbate
519 2197 550 2253 et
562 2198 709 2253 conventu
721 2193 924 2271 percipienda:
942 2199 974 2254 et
992 2196 1050 2273 ipsi
1074 2195 1163 2255 abbas
1183 2200 1212 2255 et
1233 2202 1394 2257 conventus

294 2275 393 2337 omnio
405 2293 494 2335 onera
506 2274 679 2351 episcopalia
690 2279 721 2333 et
730 2274 971 2335 archidiaconalia
980 2276 1013 2335 in
1023 2282 1196 2354 perpetuum
1206 2278 1393 2339 sustinebunt

295 2360 326 2417 et
338 2355 534 2434 providebunt
546 2355 654 2415 vicario
667 2354 704 2415 de
717 2355 802 2415 tofto.
845 2356 885 2416 Et
905 2362 948 2417 est
961 2358 1069 2417 vicaria
1081 2358 1171 2417 trium
1183 2378 1343 2419 marcarum
1364 2364 1393 2419 et

188 2465 191 2470 ·
295 2437 426 2498 dimidia

357 2611 629 2669 κιιυιΝαΗοιΜ,
668 2596 787 2658 Vioaria
815 2598 850 2657 in
880 2600 999 2659 molesia
1031 2600 1069 2660 de
1101 2600 1309 2679 Kiluingholm
1336 2621 1393 2680 que

294 2685 340 2741 ast
361 2675 476 2740 abbatis
499 2685 530 2739 ot
552 2684 714 2739 conventus
737 2679 774 2740 de
801 2679 933 2739 Newhua
957 2680 1090 2741 consistit
1114 2682 1147 2741 in
1169 2686 1231 2741 toto
1245 2682 1391 2760 altar-agio,

294 2761 423 2839 exceptis
443 2760 563 2821 decimis
581 2779 721 2838 agnorum
733 2766 764 2820 et
776 2760 851 2835 lane,
866 2762 982 2839 butyro,
997 2758 1052 2843 [so.
1071 2760 1134 2844 18⁸]
1148 2781 1237 2836 caseo,
1256 2768 1286 2823 et
1299 2766 1393 2841 primo

293 2842 398 2921 legato.
458 2842 499 2901 Et
524 2842 650 2902 montius
674 2842 769 2902 solvet
801 2842 1003 2903 tantummodo
1030 2842 1181 2921 synodalia
1205 2848 1235 2903 et
1261 2844 1393 2906 inveniat

292 2923 449 2984 luminaris
477 2927 508 2982 et
532 2922 591 3000 ipsi
622 2922 712 2983 abbas
744 2929 776 2983 et
808 2927 969 2983 conventus
1002 2925 1197 3002 procurabunt
1230 2924 1393 3003 hospicium

294 3004 500 3065 Archidiacoui
519 3008 550 3063 et
568 3008 662 3063 cetera
687 3008 854 3064 oneratam
882 3004 1025 3065 ordinaria
1052 3024 1140 3082 quam
1167 3007 1393 3067 extraordinaria

293 3085 327 3145 in
340 3091 512 3164 perpetuum
525 3085 712 3145 emtinabuut
731 3090 761 3145 et
780 3085 977 3162 providebunt
996 3086 1104 3147 mantio
1120 3087 1158 3146 de
1169 3086 1253 3147 tofto.
1295 3088 1336 3147 Et
1348 3092 1393 3147 est

294 3166 445 3245 mamiavj
460 3166 627 3227 marcarum

356 3340 518 3395 ΗΑΒυῃα,
554 3326 671 3387 Vinaria
689 3327 723 3387 in
742 3328 861 3388 ecclesia
880 3327 917 3388 de
940 3326 1063 3406 Haburg
1082 3346 1139 3405 que
1165 3334 1210 3389 est
1236 3330 1393 3391 eorundem

293 3408 427 3469 condsbt
452 3408 486 3466 in
512 3412 576 3468 totc
607 3408 746 3486 altanagio
778 3410 907 3487 exceptis
940 3409 1059 3469 decimis
1089 3410 1156 3470 lane
1182 3415 1212 3470 et
1238 3411 1392 3472 medietate

293 3490 469 3549 decimarum
482 3508 628 3567 agnorum
671 3490 712 3550 Et
720 3490 778 3568 ipsi
790 3490 893 3551 Abbas
902 3494 932 3550 et
942 3494 1104 3550 convontus
1113 3490 1228 3551 solvent
1241 3492 1392 3570 synodalia

293 3575 324 3631 et
349 3568 545 3649 procurabunt
571 3570 734 3649 hospicium
760 3571 967 3631 Archidiaconi
990 3575 1020 3631 et
1043 3572 1141 3632 omnia
1163 3572 1221 3632 alia
1247 3592 1334 3633 onera
1359 3574 1393 3633 iu
1515 3646 1519 3655 ι

292 3655 465 3729 perpetuum
483 3651 677 3712 sustinebunt
721 3651 851 3712 Habebit
877 3657 975 3713 autem
1001 3652 1127 3713 vicarius
1152 3654 1261 3713 toftum
1280 3655 1314 3713 in
1333 3672 1392 3732 quo

293 3732 380 3792 modo
393 3732 507 3793 residet
548 3732 589 3792 Et
602 3734 811 3793 estvicarialx
824 3733 990 3793 solidorum.

356 3906 548 3962 ΚΙΒΜἿΟΝ.
600 3893 718 3955 vicarie
758 3896 792 3953 in
833 3895 952 3955 eeclesia
992 3895 1029 3955 de
1070 3894 1224 3955 Kerm'ton
1257 3914 1314 3973 que
1348 3901 1392 3956 est

292 3975 450 4035 eorundem
475 3974 610 4035 consistit
635 3976 669 4035 iu
695 3980 757 4036 toto
790 3975 935 4053 altarsgio,
963 3974 1112 4035 reddendo
1138 3976 1210 4054 ipsis
1236 3976 1336 4037 abbati
1362 3982 1393 4037 et

292 4056 451 4116 conventui
473 4056 626 4115 annuatim
648 4076 691 4116 xx
715 4056 832 4130 solidos,
856 4058 967 4117 scilicet
989 4057 1026 4116 ad
1050 4058 1158 4117 festum
1182 4056 1211 4117 S.
1237 4058 1346 4117 Botulti
1370 4077 1393 4117 x

291 4136 408 4210 solidos,
434 4140 464 4195 at
486 4136 524 4195 ad
546 4137 654 4197 fastum
682 4137 711 4199 S.
738 4138 860 4198 Martini
883 4158 905 4197 x
928 4138 1044 4198 solidos.
1087 4138 1127 4197 Et
1150 4138 1275 4198 vicanus
1298 4139 1392 4199 solvet

290 4217 494 4278 tantummodo
516 4219 675 4294 synodalia,
697 4225 727 4279 at
746 4219 820 4279 dicti
845 4219 935 4279 abbas
954 4224 984 4278 et
1010 4224 1170 4278 conventus
1197 4219 1394 4296 procurabunt

291 4299 455 4375 hospicium
468 4298 682 4374 Archidiaooni,
697 4304 728 4359 et
747 4301 845 4359 omnia
864 4300 922 4359 alia
938 4318 1025 4359 onera
1038 4300 1071 4359 in
1084 4305 1257 4377 perpetuum
1270 4300 1393 4360 sustine·

291 4380 375 4439 bunt
419 4380 551 4439 Habebit
569 4385 668 4440 eutem
687 4382 813 4441 vicarius
832 4380 942 4440 toitum
961 4381 1109 4457 pertinens
1129 4380 1168 4440 ad
1187 4382 1343 4455 eeclesiam,
1358 4382 1393 4441 in

291 4478 351 4542 quo
364 4460 488 4521 vicarius
500 4461 588 4522 modo
601 4467 706 4522 manet.
749 4462 790 4524 Iit
802 4468 846 4523 est
859 4462 966 4523 vicaria
979 4480 999 4522 r
1012 4480 1179 4523 marcarum.
