3192 5367
589 528 747 587 6666616
771 530 897 585 vuum.
968 578 971 584 .
1261 515 1300 583 91

263 693 352 746 vnde
365 694 402 747 ΙΝ
418 692 609 750 moliens
623 682 659 741 de
671 679 825 742 16116161
843 681 979 742 1176111161.

263 759 417 820 Universis
430 762 476 821 dc.
518 762 643 822 Noverit
661 762 836 823 universitas
855 765 951 821 vestra
970 762 1051 838 quod
1070 779 1123 820 nos
1136 762 1173 821 de
1185 783 1304 826 assensu

201 839 308 917 Rogeri
320 840 434 901 Decani
447 847 476 902 61
487 842 618 921 Capituli
629 844 722 903 nostri
734 844 816 903 Linc'
828 842 928 902 divine
940 842 1179 919 616161161616116
1190 843 1303 906 dilectis

202 920 234 979 in
248 922 366 983 Christo
385 923 454 982 filiis
472 923 585 983 Abbati
604 929 633 985 et
647 924 815 986 Conventui
835 923 871 982 de
886 922 1033 1000 Croylsnd
1053 929 1177 999 quatuor
1196 925 1304 986 solidos

201 1002 367 1063 1666616616
386 1003 423 1063 16
437 1004 555 1074 Sutton’
568 1010 598 1065 et
617 1006 689 1065 elios
707 1006 780 1083 iiij0r
792 1003 901 1064 solidos
920 1006 953 1064 in
973 1005 1092 1063 66616616
1111 1004 1148 1064 16
1161 1006 1304 1067 Westkel'

202 1102 276 1159 quos
298 1084 379 1161 prius
403 1084 440 1144 de
462 1085 571 1145 eisdem
595 1087 721 1147 ecclesiis
746 1086 899 1146 annuatim
924 1087 1070 1163 percipere
1093 1094 1304 1149 consueverunt

202 1166 373 1225 auctoritate
392 1166 549 1243 episcopali
568 1167 808 1227 confirmavimus.
853 1166 949 1227 Salvis
968 1168 1001 1225 in
1021 1166 1156 1226 omnibus
1174 1170 1222 1227 16.
1265 1170 1304 1229 16

202 1246 441 1405 1116113111
450 1252 555 1391 tlt
547 1248 697 1405 dlii?
691 1249 907 1407 „effluit
905 1252 1036 1405 11161
1042 1247 1305 1391 εἰς1111111111

202 1409 314 1481 Rogero
329 1409 456 1482 Decnno,
471 1409 507 1469 G.
522 1410 703 1484 Preceutore,
717 1411 830 1487 Rogero
843 1409 1029 1484 Cancellario,
1043 1409 1073 1470 J.
1090 1409 1303 1472 Archidiacono

202 1489 366 1564 Bedeford',
383 1490 422 1549 IL
444 1490 481 1549 16
502 1490 531 1551 S.
553 1491 706 1566 Eduardo,
722 1490 855 1551 Gilberto
875 1490 912 1549 de
932 1480 1119 1567 Sc'aldeburg,
1133 1491 1245 1551 Thema
1265 1493 1303 1553 de

202 1570 366 1644 Fiskertuu,
381 1570 417 1631 Β.
433 1571 470 1630 16
484 1572 610 1646 Bristol’‚
624 1573 766 1651 Magistro
785 1572 822 1631 R.
837 1572 874 1631 16
895 1570 1021 1642 Grauel',
1035 1569 1167 1631 Weltero
1187 1572 1302 1646 Bl'udo‚

203 1650 354 1728 Stephano
374 1652 411 1711 16
425 1652 494 1726 Cic’,
509 1652 545 1713 Β.
560 1653 597 1712 16
610 1654 771 1725 Warevill',
785 1654 846 1712 ceu'
860 1651 961 1726 well,
973 1652 1090 1712 Olivero
1111 1652 1147 1711 16
1161 1653 1303 1713 Chednet'

202 1733 319 1793 6161116
351 1730 430 1792 'Det'
453 1752 505 1810 per
527 1753 630 1793 manus
652 1735 809 1811 Reginaldi
832 1733 999 1796 Subdeeani
1021 1733 1100 1810 apud
1120 1733 1303 1795 Linoolniam

202 1819 306 1891 quarto
318 1814 397 1874 Non
413 1814 583 1875 Decembris
595 1816 782 1893 pontificatus
795 1815 888 1875 nostri
901 1834 977 1875 anno
990 1814 1044 1875 ix⁰.

265 1989 305 2043 66
320 1977 482 2045 666616
494 1977 610 2037 6661616
623 1978 659 2038 dc
671 1978 770 2037 Esmn’
783 1980 815 2037 S.
832 1977 986 2037 brocardi.

263 2057 418 2118 Universis
430 2058 477 2117 dra
519 2059 644 2120 Noverit
656 2060 831 2119 universitas
844 2062 941 2117 vestre
953 2076 1007 2116 nos
1021 2056 1057 2117 ds
1067 2076 1185 2118 assensu
1197 2058 1303 2137 Rogeri

203 2138 317 2199 Decnni
339 2144 369 2198 61
392 2139 524 2217 Capituli
545 2140 638 2199 nostri
657 2139 739 2199 Linc’
751 2136 818 2283 31¹0.
839 2136 907 2221 28¹³]
927 2139 1028 2199 divine
1050 2139 1168 2215 pietatis
1189 2133 1303 2201 iutuitu

203 2220 318 2280 dedisse
331 2224 361 2279 61
380 2221 552 2281 concessisse
571 2221 686 2281 dilectis
705 2221 738 2280 16
777 2221 870 2281 bristo
889 2220 958 2279 filiis
978 2220 1073 2280 Priori
1093 2225 1123 2280 et
1136 2220 1303 2281 Conventui

203 2300 242 2360 de
268 2301 448 2363 Chaucumb'
474 2306 533 2361 tres
558 2322 667 2362 marcas
695 2302 729 2361 in
761 2301 880 2362 ecclesie
907 2301 938 2362 S.
967 2300 1112 2361 Leonardi
1139 2301 1176 2361 16
1201 2302 1303 2363 Fston'

203 2383 355 2442 annuatim
367 2384 485 2443 nomine
497 2386 631 2461 perpetui
640 2382 774 2444 beneficii
783 2382 982 2460 percipiendas
991 2401 1043 2459 per
1054 2401 1158 2442 manus
1169 2382 1304 2462 Magistri

204 2463 270 2523 Ade
282 2464 320 2523 de
334 2462 364 2523 S.
379 2463 498 2541 Brigida
510 2465 641 2542 ejusdem
654 2465 772 2525 ecclesie
790 2483 914 2542 persone
935 2467 965 2522 61
978 2482 1171 2523 successorum
1185 2483 1303 2525 suorum

203 2545 256 2622 qui
274 2564 327 2622 pro
346 2549 475 2622 ternpore
494 2546 625 2605 instituti
644 2546 756 2605 fuerint
776 2546 809 2604 in
838 2545 945 2605 eadem.
990 2544 1087 2604 Salvis
1109 2544 1143 2603 in
1167 2546 1304 2605 omnibus

202 2625 414 2703 episcopalibus
440 2627 700 2687 consuetudinibus
732 2629 778 2687 dre.
821 2626 862 2685 Et
891 2631 925 2686 61
952 2625 1004 2685 heo
1033 2630 1132 2685 nostra
1158 2627 1303 2687 concessio

203 2713 372 2786 perpetuom
384 2708 516 2768 obtineat
527 2708 695 2768 firmitatem
709 2708 836 2785 presenti
845 2708 952 2785 scripto
962 2706 1090 2785 sigillum
1101 2712 1232 2766 nostrum
1245 2726 1303 2767 una

203 2808 270 2849 oum
290 2788 385 2867 sigillo
405 2790 527 2867 capituli
546 2790 638 2850 nostri
656 2790 737 2849 Liuc'
752 2789 890 2849 duximus
909 2787 1124 2865 opponendum.
1167 2787 1303 2849 Testibns

185 2865 238 2929 ¹ut
257 2890 344 2949 supra
364 2870 397 2929 iu
417 2876 496 2931 66616
514 2872 646 2950 proxime
666 2872 798 2950 66666116
818 2870 868 2929 hio
887 2870 1029 2947 Magistro
1048 2868 1210 2946 Reginsldo
1238 2870 1305 2929 sub
1406 2872 1409 2878 '

203 2951 320 3012 166666.
362 2951 431 3011 Dat’
452 2971 505 3029 per
524 2972 628 3012 manus
640 2951 689 3019 W.
705 2953 743 3011 de
755 2950 873 3011 Tornao’
894 2950 1088 3011 archidiaconi
1107 2950 1206 3011 Stowe
1225 2949 1304 3029 apud

204 3032 386 3093 Lineolniam
399 3032 504 3093 Idibus
516 3032 686 3095 Decembris
698 3033 886 3111 pontificatus
898 3032 992 3093 nostri
1004 3050 1082 3091 anno
1095 3049 1181 3092 nono.

265 3209 305 3262 lid
320 3209 435 3264 ΜΑΒΟ·
448 3196 484 3256 do
496 3196 612 3257 tecleda
624 3197 659 3256 de
672 3195 843 3257 Netdtam'.

264 3276 418 3337 Universis
444 3279 491 3337 dre.
532 3278 657 3339 Noverit
689 3278 863 3338 universitas
896 3279 991 3337 vestra
1017 3292 1071 3335 666
1097 3274 1135 3334 16
1161 3293 1304 3337 consensu

203 3359 310 3435 Rogeri
323 3358 435 3418 Decani
447 3363 477 3418 et
484 3358 615 3436 Capituli
624 3360 716 3419 nostri
725 3356 809 3417 Linc'
817 3357 917 3418 divine
928 3357 1045 3433 pietatis
1054 3356 1166 3415 intuitu
1175 3357 1303 3433 presenti

203 3445 282 3499 66616
294 3444 393 3500 nostra
406 3440 587 3500 confirmasse
597 3440 711 3500 dilectis
723 3441 756 3499 16
766 3439 884 3499 Christo
894 3438 963 3499 filiis
973 3437 1085 3497 Abbati
1095 3441 1124 3496 et
1136 3437 1303 3498 Conventui

203 3520 234 3581 S.
256 3520 371 3581 Ebrulfi
392 3522 542 3599 antiquam
566 3525 597 3581 61
619 3521 747 3581 debitam
774 3521 865 3579 trium
890 3538 1050 3579 marcarum
1072 3519 1241 3595 pensionem
1266 3518 1302 3579 de

204 3602 322 3662 eeclesia
336 3602 374 3662 de
386 3602 543 3662 Netelbam
556 3622 609 3681 per
630 3620 734 3663 manus
757 3602 838 3661 illius
862 3602 914 3679 qui
936 3618 989 3677 pro
1009 3605 1138 3677 tempore
1152 3600 1302 3660 ecelesiam

202 3684 285 3743 illam
307 3684 477 3743 auctoritate
504 3683 659 3762 episcopali
684 3683 844 3761 possederit
871 3681 1022 3741 annuatim
1045 3680 1244 3759 percipiendas
1269 3680 1302 3739 in

204 3764 279 3825 16616
290 3764 319 3825 S.
331 3763 353 3824 J
353 3765 476 3825 ohannis
482 3765 615 3843 Baptiste
622 3784 694 3843 quas
701 3765 771 3825 inde
778 3765 920 3824 haetenus
927 3763 1072 3841 percipere
1081 3766 1302 3822 consueverunt.

204 3845 294 3906 Salva
306 3846 392 3907 nobis
405 3852 435 3906 et
447 3847 657 3907 successoribus
669 3846 777 3906 nostris
790 3850 821 3907 61
834 3844 952 3907 eeclesia
965 3850 1063 3903 nostre
1076 3842 1158 3903 Linc'
1172 3842 1303 3919 ejusdem

204 3926 321 3987 ecclesie
334 3928 371 3987 de
384 3928 542 3989 Netelham
554 3928 747 3988 edvocaeione
765 3928 799 3986 in
814 3930 995 4005 perpetuum.
1036 3924 1077 3984 Et
1090 3929 1125 3984 ut
1137 3924 1191 3983 heo
1204 3927 1303 3984 nostro

204 4008 385 4069 confirmacio
404 4015 574 4087 perpetuam
593 4009 724 4086 optineat
743 4008 911 4068 firmitatem
929 4007 1058 4084 presenti
1077 4010 1154 4065 carte
1173 4004 1303 4081 sigillum

203 4094 335 4151 nostrum
358 4110 426 4150 cum
448 4091 544 4168 sigillo
567 4092 698 4168 Capituli
721 4090 814 4150 nostri
833 4088 915 4149 Lino’
929 4088 1067 4148 duximus
1087 4085 1299 4164 apponendum.

203 4170 272 4231 Hiis
291 4172 427 4232 lentibus
450 4173 563 4249 Rogero
586 4166 714 4246 Docere,
736 4170 771 4231 G.
793 4171 973 4243 Pmesntore,
990 4169 1101 4245 Rogero
1122 4166 1300 4241 cancellario,

202 4252 274 4329 Reg.
289 4254 461 4328 subdecano,
476 4253 638 4313 Willielmo
651 4252 690 4312 lil'
704 4250 795 4326 Fulc',
810 4252 936 4328 Hugons
950 4250 986 4309 de
1002 4250 1032 4310 S.
1045 4248 1197 4321 11166616,
1213 4246 1248 4307 G.
1266 4247 1302 4307 de

203 4334 347 4411 Soardeb',
360 4335 497 4396 Jobsnne
512 4335 550 4395 de
562 4335 659 4409 Ebor’,
673 4335 731 4394 Ad'
744 4334 782 4393 de
802 4333 833 4394 S.
849 4330 1015 4406 Edmuudo,
1029 4328 1177 4408 Magistris
1190 4328 1302 4389 Tharne
