3192 5367
299 524 344 593 to
705 542 810 595 crasa
831 542 1008 607 1111111

232 684 241 693 “
356 703 484 762 reone
504 686 580 771 (11),
594 708 660 751 eam
672 690 859 752 1111111
871 690 978 751 sim
991 691 1143 753 sucosa

356 770 511 835 Universis
537 772 590 833 &c
645 771 771 833 Noverit
796 772 971 833 universitas
996 778 1094 833 vestra
1126 792 1180 833 nos
1206 774 1244 834 de
1275 794 1394 836 assensu

297 854 404 933 Roperi
431 852 544 913 Decani
569 857 600 912 et
626 850 758 929 Capituli
783 854 877 913 nostri
902 852 984 913 Linc’
1011 854 1112 915 divine
1138 855 1254 933 pietatis
1281 857 1396 917 intuitu

295 936 409 997 dedisse
422 940 451 995 et
465 934 637 993 concessisse
650 933 764 995 dilectis
783 935 817 994 iu
837 934 955 997 Christo
975 935 1044 995 liliis
1057 936 1216 996 Abbati
1186 941 1216 996 e
1236 938 1394 998 conventui

295 1018 326 1080 S.
341 1016 446 1077 Jacobs
454 1016 543 1093 Juxta
562 1014 775 1091 Norhampton’
788 1016 906 1075 nomine
925 1018 1059 1093 perpetrri
1078 1017 1240 1112 11111111]
1231 1038 1265 1077 m
1277 1019 1396 1079 11111111

295 1099 333 1159 de
345 1098 445 1175 Tmop
457 1114 515 1173 que
527 1096 565 1155 dc
577 1114 677 1155 eorum
689 1101 734 1156 est
753 1095 945 1157 advocscione
961 1110 991 1158 et
1003 1098 1036 1157 11
1050 1117 1108 1175 qua
1120 1099 1201 1177 prius
1213 1104 1278 1159 tant
1280 1118 1329 1159 um
1342 1119 1394 1160 sax

294 1198 405 1239 marcas
423 1178 589 1238 habuerunt
607 1181 685 1237 totas
704 1177 830 1237 decimas
850 1178 1001 1256 garbarum
1021 1176 1109 1239 xrrxtl
1124 1181 1301 1257 virgatcmm
1319 1186 1394 1241 terre

294 1260 332 1324 do
341 1259 488 1319 dominico
497 1258 622 1318 Walteri
632 1259 670 1317 de
682 1258 852 1319 Pateshull
843 1278 875 1319 m
850 1198 986 1319 gareadem
995 1260 1067 1320 villa
1080 1265 1109 1319 et
1121 1261 1230 1321 mediet
1217 1266 1306 1322 tatem
1319 1268 1394 1323 terro

293 1340 425 1403 arrabilis
444 1358 510 1399 oum
530 1338 717 1417 pertinenciis
736 1345 767 1399 et
785 1344 883 1400 totum
902 1341 1065 1418 pomarium
1077 1358 1114 1401 ex
1127 1346 1208 1419 parta
1221 1343 1394 1403 occidentali
1425 1389 1428 1392 Α

294 1424 373 1483 curio
385 1421 503 1481 11111111
516 1420 550 1480 in
569 1439 628 1498 qua
646 1440 699 1480 sua
718 1421 832 1499 possint
851 1422 964 1481 edificia
984 1426 1156 1483 construere.
1197 1424 1306 1483 Totum
1324 1444 1394 1485 vero

294 1504 443 1565 residuum
466 1501 597 1579 ejusdem
619 1502 737 1562 ecclesie
756 1502 887 1579 Rogerus
907 1503 1072 1581 capellanus
1084 1522 1172 1581 quem
1185 1505 1224 1564 ad
1237 1505 1393 1565 eorundem

239 1632 243 1638 .
294 1585 420 1645 Abbatis
433 1588 464 1645 et
477 1583 689 1645 Canonicorum
701 1584 947 1661 presentociouem
959 1584 996 1645 ad
1009 1584 1104 1663 ipsam
1117 1584 1265 1645 ecclesiam
1278 1586 1394 1645 admisi-

294 1686 361 1726 mus
385 1670 415 1726 et
437 1683 590 1743 personam
611 1666 645 1725 in
668 1684 702 1724 ea
723 1664 906 1725 instituimus
926 1671 955 1725 ct
973 1685 1147 1727 successoros
1160 1666 1206 1726 sui
1218 1668 1251 1726 iu
1265 1667 1394 1744 predicta

293 1747 413 1807 ecclesia
438 1746 476 1807 da
501 1745 599 1823 Throp
632 1747 666 1806 in
698 1746 822 1825 propriis
855 1746 985 1823 personis
1019 1748 1211 1813 ministraturi
1245 1748 1330 1808 nobis
1363 1754 1395 1809 et

293 1828 504 1889 successoribus
529 1826 636 1887 uostris
661 1826 700 1887 ab
723 1827 840 1888 Abbate
866 1832 896 1887 et
923 1833 1070 1889 conventu
1097 1828 1126 1889 S.
1154 1828 1259 1890 Jacobi
1282 1847 1394 1907 semper

293 1911 432 1987 quociens
450 1909 514 1987 ipsa
532 1908 678 1968 vacaverit
697 1908 884 1986 presentsndi
902 1914 931 1968 et
945 1910 1082 1969 canonice
1094 1910 1269 1969 instituendi
1282 1911 1394 1989 integre

293 1996 324 2051 11
336 1991 426 2051 libere
438 1994 577 2067 perpetuo
587 1988 798 2068 possidebunt
830 1990 964 2050 Preterca
976 1990 1073 2050 dictus
1085 1990 1217 2067 Rogerus
1229 1992 1394 2068 capellanus

293 2077 324 2131 11
336 2090 511 2133 successores
524 2088 571 2129 sur
561 2069 751 2147 persolvent
770 2072 893 2148 singulis
913 2070 999 2131 annis
1012 2071 1123 2132 Abbati
1143 2077 1173 2131 et
1187 2074 1346 2134 conventui
1360 2074 1390 2135 S.

292 2152 397 2213 Jaocbi
409 2152 539 2229 quinquo
551 2151 660 2211 solidos
673 2170 725 2229 qur
715 2151 882 2212 debentur
895 2152 932 2212 ab
946 2152 1054 2213 eisdem
1067 2152 1233 2213 Abbatet
1203 2158 1233 2213 ct
1247 2158 1393 2215 conventu

293 2234 389 2293 Priori
411 2238 442 2298 et
464 2232 623 2293 conventui
645 2231 675 2293 S.
690 2232 808 2292 Andree
828 2234 980 2294 11111111
1000 2253 1052 2312 pro
1073 2233 1186 2294 duabus
1202 2234 1298 2311 garbis
1318 2235 1394 2295 deci·

292 2334 405 2375 marum
414 2314 452 2373 de
461 2318 586 2391 quatuor
594 2313 714 2391 virgatis
723 2314 820 2373 terre'
811 2332 844 2373 m
857 2314 958 2375 eadem
968 2314 1039 2376 villa
1049 2333 1106 2392 que
1116 2318 1187 2375 sunt
1199 2316 1236 2375 de
1247 2316 1393 2377 dominico

291 2395 446 2475 hospitalis
465 2394 494 2456 fl
510 2394 657 2456 Jchannis
676 2394 714 2453 dc
733 2394 968 2474 Northsmptcn’.
1011 2396 1147 2457 Ceterum
1167 2396 1246 2457 idem
1263 2397 1328 2475 Rog
1329 2418 1393 2457 erus

293 2482 323 2537 et
336 2494 511 2538 successores
523 2494 570 2535 suu
560 2474 725 2536 1111111111
737 2495 789 2554 pro
803 2476 922 2537 ccclesia
935 2477 972 2537 de
991 2477 1090 2555 Throp
1103 2470 1203 2537 debita
1216 2478 1391 2555 persolvent.

292 2558 395 2619 Abbas
407 2563 506 2617 autern
518 2562 548 2616 et
561 2558 693 2617 canonica
683 2557 868 2635 hospicium
878 2558 1085 2621 Archidiaconi
1094 2559 1254 2620 invenient.
1297 2558 1394 2621 Salvia

292 2640 326 2700 11
348 2638 484 2700 omuibus
506 2638 558 2698 dc.
601 2637 643 2697 Et
664 2643 699 2699 ut
722 2639 776 2699 hec
799 2643 899 2699 nostra
913 2639 1057 2699 concessio
1070 2645 1171 2717 perpet
1171 2659 1240 2699 uam
1259 2640 1391 2701 obtineat

291 2722 460 2781 firmitatem
468 2720 596 2798 presenti
605 2720 712 2798 scripto
722 2720 851 2797 sigillum
861 2724 993 2780 nostrum
1007 2740 1067 2781 una
1079 2740 1147 2795 cum
1159 2720 1255 2798 sigillo
1269 2722 1394 2799 predicti

292 2802 414 2880 capituli
432 2801 525 2867 nostri
544 2799 627 2860 Linc’
647 2801 786 2861 duximus
809 2800 1022 2880 apponendum.
1066 2802 1134 2861 Tost
1134 2802 1201 2863 ibus
1221 2807 1251 2862 et
1269 2802 1339 2863 Dat’
1358 2808 1394 2863 ut

292 2903 380 2961 supra
397 2884 431 2946 iu
451 2887 529 2943 carta
548 2882 652 2942 domus
671 2882 826 2960 hospitalis
847 2882 876 2943 S.
899 2881 981 2943 Petri
999 2882 1038 2943 de
1060 2881 1147 2945 Ebor’
1171 2902 1256 2961 super
1280 2884 1394 2945 duobus

292 2964 416 3025 solidis'
407 2984 441 3024 m
453 2963 609 3026 medietate
621 2962 739 3023 ecclesie
751 2963 789 3024 dc
802 2962 953 3042 Alethorp.

352 3120 596 3177 WROKESTAN.

352 3190 505 3250 Universis
518 3187 570 3251 dre.
612 3186 738 3248 Noverit
760 3186 936 3248 universitas
956 3192 1053 3248 vestra
1072 3188 1152 3266 quod
1171 3208 1225 3249 nos
1244 3188 1341 3251 locum
1361 3190 1395 3251 in

291 3270 364 3333 villa
376 3271 414 3330 dc
430 3269 600 3330 Wrolrestsn
609 3268 662 3345 qui
675 3268 782 3328 dicitur
794 3268 876 3329 locus
890 3268 920 3329 S.
936 3269 1029 3329 Meris
1043 3288 1109 3330 cum
1122 3271 1232 3349 capello
1241 3272 1275 3330 in
1284 3271 1395 3331 honore

292 3354 382 3413 Beate
394 3351 487 3411 Maris
499 3350 610 3410 ibidem
623 3350 747 3410 fundata
759 3355 789 3410 et
804 3350 905 3410 domos
917 3356 946 3410 et
956 3351 1066 3411 curiam
1079 3357 1172 3413 totam
1182 3372 1249 3412 cum
1258 3353 1394 3431 virgultis

291 3439 322 3493 ct
335 3432 455 3494 vivariis
467 3437 497 3491 et
512 3432 609 3509 specio
629 3432 709 3508 quod
728 3432 894 3491 continetur
914 3432 990 3491 iufra
1010 3433 1153 3493 ambitum
1166 3434 1243 3493 muri
1256 3434 1337 3511 quod
1349 3438 1394 3493 cst

291 3516 366 3574 circa
385 3514 501 3574 vineam
520 3517 550 3571 et
577 3513 651 3572 circa
677 3513 786 3573 curiam
813 3518 842 3572 et
869 3512 1005 3573 omnibus
1031 3514 1109 3573 infra
1135 3515 1257 3575 candem
1286 3515 1395 3575 curiam

290 3595 437 3657 contentis
446 3593 668 3655 advocacionem
678 3594 770 3653 eciam
779 3594 897 3653 ecclesie
906 3594 1079 3673 parochialis
1088 3595 1125 3655 dc
1139 3596 1316 3656 Wrokestau
1327 3614 1395 3656 cum

291 3676 479 3755 pertinenciis
504 3676 565 3734 suis
590 3694 648 3751 que
675 3676 773 3734 omnia
799 3674 924 3736 dilectus
949 3676 983 3734 in
1010 3676 1127 3737 Christo
1150 3676 1229 3737 111111
1253 3676 1393 3755 Magister

290 3757 420 3818 Michael
439 3756 523 3817 Belet
541 3754 620 3815 filius
640 3756 793 3816 Michaelis
813 3756 898 3816 Belet
925 3756 1080 3819 (laconicis
1104 3758 1182 3835 apud
1207 3758 1393 3819 Wrolrestau’

289 3840 503 3917 imperpetuum
529 3836 584 3896 deo
604 3837 754 3897 servituris
779 3838 813 3895 in
832 3856 936 3915 puram
955 3844 985 3897 11
1009 3844 1178 3915 perpetuam
1206 3840 1393 3901 elemosinam

290 3920 424 3988 contulit,
438 3917 548 3979 eisdem
570 3918 716 3977 canonicis
739 3918 815 3978 sicut
838 3937 872 3978 ea
894 3938 913 3979 a
935 3918 1066 3997 predicto
1088 3920 1230 3996 Magistro
1253 3920 1295 3981 eis
1312 3922 1394 3997 juste

289 4002 394 4062 collata
406 4005 477 4060 sunt
490 4005 520 4059 st
533 4018 676 4073 concessa,
690 4000 861 4059 auctoritate
874 4000 1030 4077 episcopali
1044 4002 1252 4061 confirmamus.
1297 4001 1392 4062 Salvis

289 4084 323 4143 in
336 4082 473 4144 omnibus
487 4081 534 4141 deo
577 4080 664 4156 Quod
684 4086 719 4140 ut
737 4086 907 4159 perpetuam
928 4080 1059 4141 obtineat
1078 4082 1246 4143 firmitatem
1264 4083 1396 4162 presenti

289 4166 365 4243 scrip
365 4170 397 4225 tc
420 4168 450 4224 et
473 4162 563 4239 sigilli
585 4162 679 4222 nostri
701 4162 841 4223 duximus
866 4162 1052 4240 opposicione
1078 4162 1281 4225 roborandum.
1324 4165 1393 4225 Hiis

289 4246 425 4306 Testibus
445 4243 559 4304 Thema
578 4243 616 4302 de
636 4242 809 4319 Fislrerton’,
832 4244 919 4303 Petro
941 4244 977 4303 do
1001 4244 1097 4318 Bath’,
1120 4245 1260 4321 Magistro
1285 4246 1334 4306 W.
1357 4246 1395 4306 de

289 4325 1396 4404 11111131111Β11111,811111111111011’11111’1111’,Μ1ς1111111111111

289 4409 327 4467 de
339 4407 499 4485 Tinghurst
516 4411 547 4466 at
560 4405 679 4466 Olivero
699 4406 736 4465 de
750 4405 892 4467 Oheduet’
907 4411 937 4466 11
956 4406 1030 4467 aliis.
1073 4406 1142 4467 Dat’
1156 4426 1208 4485 per
1227 4428 1333 4469 manus
1347 4410 1395 4470 W.

290 4489 326 4548 de
352 4486 471 4547 Tornac’
498 4487 693 4547 archidiaconi
719 4486 817 4547 stowe
843 4486 922 4565 apud
948 4487 1081 4567 Kildeby
1111 4508 1132 4549 v
1159 4488 1232 4549 Idus
1258 4490 1394 4569 Jannarij

267 4570 476 4650 pontificatus
489 4569 582 4627 nostri
601 4587 679 4627 auno
692 4568 746 4627 ix⁰
