3192 5367
598 606 756 660 sucours
777 606 902 660 uuam
1020 588 1024 594 '
1267 591 1308 655 65

209 754 386 816 decimarum
397 756 460 815 tam
471 754 614 831 majorum
626 772 714 833 quam
727 753 872 814 minorum
885 753 1033 815 ecclesiam
1046 752 1083 813 de
1097 750 1219 815 Wiham
1241 774 1310 817 oon·

210 836 390 914 tingencium
403 854 471 895 cum
482 840 545 895 toto
558 835 662 914 ciragio
676 836 805 913 exceptis
824 835 944 895 decimis
971 836 1008 895 de
1031 839 1156 913 quatuor
1176 836 1307 913 culturis,

209 917 347 979 videlicet
366 916 404 977 de
422 917 481 977 Dic
501 916 663 994 Hanwang,
688 916 876 993 Scoritwang,
896 916 1116 991 Huuthawahli,
1132 936 1170 976 ex
1182 922 1307 997 utraque

210 1004 291 1077 parte
310 998 359 1058 vie
370 1016 428 1075 que
442 998 540 1058 tendit
552 998 589 1057 de
602 996 692 1057 Lund
704 1016 796 1075 usque
814 996 967 1057 Edenbsm
987 1000 1017 1057 et
1037 998 1165 1075 exceptis
1185 997 1319 1060 domis„

209 1080 342 1139 omnium
360 1083 500 1138 terrarum
518 1078 556 1138 de
575 1078 727 1138 dominicis
746 1079 829 1138 terris
849 1078 1052 1137 canonicorum
1076 1078 1113 1137 de
1140 1078 1309 1141 Bridlinton

210 1178 282 1238 quas
294 1160 405 1220 habent
417 1160 450 1219 in
463 1158 613 1238 parrochia
631 1159 669 1219 d‘e
681 1159 804 1220 Wiham
823 1159 980 1237 dequibus
993 1158 1118 1219 vicarius
1130 1158 1167 1219 de
1181 1160 1304 1221 Wihem

209 1241 303 1301 nichil
323 1241 470 1319 percipiet.
522 1240 654 1300 Habebit
676 1240 767 1301 eciam
788 1240 913 1301 vicarius
935 1259 1070 1301 mansum
1093 1246 1305 1319 competentem

210 1322 375 1384 edificatum
388 1327 419 1381 et
430 1322 539 1382 toftum
551 1321 646 1381 eidem
658 1340 759 1381 manso
772 1320 953 1399 acijecentem
966 1329 996 1381 st
1009 1322 1173 1381 communia
1185 1326 1303 1401 pastura

210 1403 281 1463 ville
304 1403 342 1462 de
361 1402 501 1463 Wiham:
530 1408 560 1462 et
581 1403 738 1462 sustinebit
758 1403 856 1462 omnia
880 1420 966 1462 onera
985 1402 1158 1480 episcopalia
1171 1408 1201 1463 et
1215 1404 1306 1463 arohi-

210 1484 379 1558 diaconalia,
403 1489 434 1543 et
454 1484 542 1543 faciet
555 1484 693 1545 deserviri
705 1484 738 1543 in
753 1482 864 1560 capello
883 1484 920 1543 de
933 1482 1022 1544 Lund
1035 1483 1188 1544 dominicis
1201 1484 1306 1545 diebus
1416 1534 1422 1543 .

210 1570 327 1660 tantum
338 1584 392 1671 per
400 1584 529 1627 annuum
548 1570 578 1625 et
590 1564 669 1625 velat
681 1565 780 1625 totalis
793 1564 911 1625 ecclesia
924 1564 1045 1643 matja.
1058 1564 1143 1625 marc’
1158 1569 1189 1626 et
1202 1566 1311 1627 viceris

212 1665 267 1706 sm
279 1665 373 1707 marc.

272 1844 479 1902 ΘΡΑιῠΥΝΘ.
519 1830 636 1892 Vitaria
654 1830 687 1891 in
706 1830 825 1891 ecclesis
844 1829 882 1890 de
902 1830 1052 1909 Spalding,
1067 1850 1125 1909 que
1144 1834 1189 1893 est
1208 1832 1312 1911 prioris

211 1919 242 1973 at
252 1912 458 1973 monachorum
466 1912 586 1987 ibidem,
596 1916 665 1973 ante
675 1912 830 1973 concilium
840 1912 1016 1973 Lateranum
1026 1912 1166 1987 ordinata,
1179 1914 1313 1974 consistit

211 1995 244 2055 in
257 1993 441 2055 exhibicione
453 1994 595 2071 capellani
613 1993 667 2071 qui
685 1993 812 2071 accipere
832 1992 920 2053 debet
939 2012 1045 2072 panem
1064 1994 1263 2055 monachalem
1277 2000 1307 2056 et

211 2076 362 2136 cervisiam
387 2093 457 2134 cum
480 2074 606 2152 generali
627 2073 662 2155 (l)
689 2075 726 2135 de
752 2074 877 2152 coquina
903 2078 933 2134 et
959 2074 998 2135 ad
1025 2074 1200 2153 palefridum
1226 2094 1313 2135 suum

211 2155 369 2216 necessaria
381 2155 415 2213 in
427 2174 520 2215 avana
539 2159 569 2215 et
580 2154 718 2233 ferugine.
761 2154 903 2216 Consistit
916 2156 1052 2215 commin
1065 2156 1310 2217 decimacionibus

212 2236 405 2315 operariorum
418 2241 448 2295 et
461 2237 593 2297 omnium
611 2241 802 2296 mercatorum
821 2235 891 2296 ville
910 2236 948 2295 de
968 2236 1111 2315 Spalding
1128 2256 1194 2297 oum
1209 2237 1311 2315 legatis

212 2317 360 2395 capellano
387 2316 495 2378 debitis
520 2321 552 2377 st
577 2317 797 2377 visitacionibus
827 2316 1008 2379 infirmorum
1035 2322 1065 2377 et
1092 2336 1159 2379 cum
1186 2318 1312 2379 denariis

212 2398 377 2458 missalibus
400 2402 432 2458 et
453 2398 579 2458 denariis
604 2418 672 2459 cum
697 2417 772 2476 pane
798 2396 951 2458 benedicto
978 2398 1083 2459 oblatis
1106 2402 1137 2459 at
1160 2399 1249 2459 caseis
1272 2398 1311 2458 ed

212 2478 421 2558 penthecosten
440 2484 471 2539 et
488 2479 604 2556 gallinis
623 2479 662 2539 ad
680 2478 777 2539 natale
799 2478 918 2539 ecclesie
937 2478 974 2539 de
994 2478 1094 2559 Spald'
1114 2478 1229 2541 debitis
1269 2478 1311 2541 Et

115 2571 118 2574 “
212 2560 291 2622 valet
303 2561 367 2639 ipsa
379 2558 629 2639 vicenaquinque
642 2559 727 2620 marc'
742 2560 918 2639 etamplius

733 2747 741 2761 ·
785 2746 793 2761 ·
931 2746 938 2761 ·
1168 2746 1176 2775 a

213 2761 401 2891 abbaKtiAsBllll
402 2744 598 2890 Ncclrllblltuubn
597 2746 685 2888 ]d0V1
685 2746 958 2905 ffislbyloebbm
969 2743 1312 2906 dblnillamlrumflllgslnellal

213 2910 372 2971 secundnm
391 2910 429 2971 ds
447 2928 590 2970 consensu
609 2910 730 2988 cepituli
748 2910 796 2969 sui
814 2908 947 2969 Lincoln'
962 2908 1102 2981 ordinata,
1125 2909 1258 2969 consistit
1277 2911 1312 2971 in

213 2996 277 3052 toto
290 2990 427 3070 altarugio
440 2996 469 3051 et
482 2992 604 3051 minutis
617 2991 737 3051 decimis
755 2990 794 3051 ad
813 2992 907 3069 ipsam
927 2990 1075 3049 aeclesiam
1095 2990 1309 3074 pertinentibus

214 3092 282 3133 cum
294 3090 394 3131 menso
407 3077 589 3150 competente
601 3076 632 3132 et
644 3072 678 3131 in
690 3072 785 3131 tribus
805 3071 919 3132 bevotis
937 3076 1011 3131 terre
1024 3074 1054 3129 et
1067 3069 1189 3131 dimidia
1202 3090 1240 3131 ax
1252 3090 1312 3133 uua

213 3158 295 3232 parte
307 3153 378 3214 villa
390 3158 421 3213 st
433 3153 529 3213 trihus
547 3154 663 3214 bovada
675 3158 705 3213 et
718 3152 841 3213 dimidia
854 3170 891 3211 ex
907 3152 965 3211 alia
984 3170 1050 3211 cum
1065 3151 1200 3211 omnibus
1214 3171 1311 3213 aarum

213 3235 401 3312 pertinenciis
427 3234 527 3295 liberis
552 3234 590 3295 ab
617 3234 699 3294 omni
717 3234 838 3295 seculari
863 3234 1015 3294 exactione
1035 3237 1065 3293 et
1090 3252 1109 3292 a
1134 3234 1313 3310 prastacions

213 3315 389 3375 decimarum
401 3316 516 3393 quietis.
559 3315 643 3377 Dicti
661 3320 759 3375 eutem
778 3314 868 3375 abbas
888 3320 918 3375 et
938 3317 1099 3375 conventus
1115 3314 1213 3375 omnia
1226 3334 1312 3375 onera

213 3396 295 3457 illiue
306 3396 424 3457 ecclesie
436 3401 532 3475 paster
543 3415 619 3457 onus
630 3396 795 3475 parochiale
807 3400 946 3475 perpetuo
959 3394 1153 3456 sustinebunt

274 3597 549 3653 ΒἫΙΝΗΑΜΘΤΕΙ)
563 3579 758 3664 [Βωίτιιείεαά]ο
786 3580 943 3643 Ordinatio
967 3582 1074 3643 vicarie
1093 3580 1130 3641 de
1150 3580 1312 3643 Swinham·

212 3664 287 3740 eted,
297 3665 403 3725 ultimo
410 3666 487 3725 facta
493 3664 678 3725 vicedomini
688 3663 822 3741 Hugonis
832 3664 952 3724 mcuudi
960 3682 1012 3741 per
1022 3664 1055 3723 s
1065 3662 1311 3724 Archidiaconum
1377 3660 1381 3671 ‘

213 3745 346 3805 Lincoln'
359 3746 397 3805 de
418 3764 537 3807 assensu
558 3746 663 3823 prioris
685 3749 716 3805 et
738 3750 900 3805 conventus
923 3745 960 3805 ds
983 3744 1066 3804 Drax
1088 3748 1118 3803 st
1138 3744 1261 3805 Robarti
1274 3745 1311 3804 de

213 3827 301 3887 Ridal
313 3832 386 3887 tunc
403 3828 514 3900 ricard,
534 3827 668 3887 consistit
686 3827 720 3887 in
738 3830 802 3887 toto
822 3826 960 3903 altaragio
979 3826 1060 3885 illius
1075 3825 1193 3885 ecclesie
1206 3830 1236 3885 et
1248 3829 1311 3884 tota

211 3912 288 3967 terra
298 3909 462 3985 pertinente
481 3908 519 3968 ad
539 3909 687 3968 ecclesiam
706 3926 774 3967 cum
792 3906 924 3985 ejusdem
943 3912 1017 3967 terre
1036 3906 1223 3983 pertinenciis
1236 3906 1311 3966 etin

211 3989 368 4049 medietate
380 3990 450 4050 tofti
461 3988 579 4066 ecclesie
591 3993 621 4049 et
633 3989 667 4048 in
678 3988 797 4049 redditu
809 3988 933 4048 duomm
946 3988 1105 4059 solidorum
1114 3991 1145 4047 st
1153 3988 1187 4045 in
1198 3986 1310 4046 decima

212 4070 322 4130 decime
336 4070 403 4150 (sic)
417 4071 548 4130 omnium
560 4070 719 4147 garbarum
762 4069 904 4130 canonici
916 4069 1022 4147 prefati
1039 4068 1201 4146 percipient
1213 4072 1309 4141 totum

211 4152 360 4211 residuum
367 4151 483 4212 ecclesie
491 4152 609 4211 nomine
616 4151 749 4229 perpetui
756 4149 897 4225 beneficii,
907 4156 937 4209 et
943 4149 1139 4227 procurabunt
1146 4148 1309 4225 hospicium

211 4232 413 4292 archidiaconi.
453 4231 589 4292 Vioarius
606 4231 794 4309 respondebit
813 4230 849 4292 de
869 4230 1065 4309 synodalibus
1108 4228 1197 4289 Valet
1212 4234 1310 4289 autem

211 4317 275 4374 tota
286 4314 405 4374 ecelesia
416 4332 459 4375 xv
471 4314 564 4387 mand,
578 4313 687 4374 vicaria
697 4332 714 4372 c
726 4313 786 4373 sol'.
