3192 5367
709 564 815 619 mann
835 562 1013 629 annones
1145 638 1151 643 Ι

776 818 968 959 §tome

793 1039 857 1115 [ro.
875 1034 950 1119 19121.

383 1183 669 1239 ἫΙΝΤΕΗΙΝΘΤΟΝ
691 1165 890 1251 [Ψίηέσνΐοη].
931 1168 1048 1229 Vioaria
1060 1168 1094 1229 in
1112 1168 1231 1228 eooleeia
1243 1168 1280 1228 de
1295 1168 1423 1229 Winter-

323 1254 427 1331 ington
439 1271 497 1330 que
509 1257 554 1311 est
567 1250 671 1328 prioris
683 1254 714 1311 st
726 1250 896 1311 monialium
910 1249 947 1311 de
961 1250 1101 1311 Meauton
1110 1248 1145 1330 (l)
1159 1250 1201 1309 sio
1220 1254 1265 1310 est
1279 1248 1419 1310 ordinata

324 1333 458 1394 vinarius
471 1332 591 1393 babebit
603 1331 721 1391 nomine
733 1332 840 1392 vicarie
858 1336 954 1391 totum
974 1330 1153 1409 allaraginm,
1167 1330 1315 1389 reddendo
1335 1330 1423 1391 dietis

323 1414 414 1493 priori
436 1418 468 1474 et
490 1413 665 1474 monialibus
687 1430 739 1490 per
761 1430 872 1472 annum
895 1412 1025 1491 quinque
1046 1430 1172 1485 mamas3
1193 1416 1223 1471 et
1236 1412 1331 1471 dietus
1344 1412 1424 1488 prior

323 1492 1117 1573 respondebitdeepisoopalibnsetarebidisoonalibus.
1151 1492 1424 1553 Providebiteoiam

323 1575 433 1638 vinario
445 1576 483 1637 de
495 1576 572 1636 toito
585 1575 769 1654 competenti.
811 1574 852 1635 Et
864 1574 942 1635 valet
957 1572 1076 1635 eeclesia
1088 1592 1152 1633 m
1165 1571 1258 1648 maro',
1273 1578 1304 1632 et
1316 1574 1424 1634 vinaria

325 1676 378 1719 sex
390 1657 484 1718 mard.

387 1830 551 1886 ΝευτοΝ,
577 1815 695 1877 weris
719 1817 752 1877 in
778 1816 898 1877 eeclesia
924 1816 961 1877 de
981 1816 1101 1876 Neuton
1120 1834 1178 1893 que
1202 1819 1247 1877 est
1270 1816 1373 1893 prioris
1393 1821 1423 1877 et

325 1899 528 1961 eanonioornm
542 1898 704 1977 Hospitalis
716 1898 848 1958 Linooln'
861 1898 903 1957 sio
917 1902 961 1959 est
974 1898 1113 1958 ordinata
1155 1895 1289 1956 Vioarius
1302 1897 1425 1957 habebit

324 1985 423 2041 totum
435 1980 613 2055 altaragium,
626 1978 774 2039 reddendo
786 1980 857 2038 inde
870 1980 1021 2039 annuatim
1034 1979 1120 2038 dietis
1133 1978 1222 2057 priori
1236 1982 1266 2038 et
1279 1980 1425 2038 eanoniois

326 2060 400 2121 duas
419 2078 549 2134 maroas3
567 2065 599 2119 et
617 2059 713 2120 dietus
734 2060 813 2137 prior
832 2060 1020 2137 respondebit
1040 2066 1074 2119 ut
1093 2079 1187 2137 supra,
1210 2064 1239 2119 et
1258 2059 1426 2135 providebit

325 2142 434 2202 vioario
446 2141 484 2201 de
497 2140 574 2200 tofto
586 2142 770 2218 competenti
814 2142 854 2201 Et
867 2140 946 2201 valet
958 2140 1057 2201 totalis
1071 2140 1189 2201 ecelesia
1202 2141 1309 2217 viginti
1320 2140 1426 2215 mare'3

326 2223 434 2285 vinaria
446 2240 515 2283 vero
527 2221 607 2282 valet
619 2222 751 2300 quinque
767 2222 860 2283 maro'.

390 2397 556 2453 ΜΑκτοΝ,
583 2382 700 2445 Viearia
722 2384 756 2444 in
777 2384 896 2445 eeclesia
919 2383 962 2445 de*
980 2382 1113 2459 Marton',
1135 2388 1246 2461 queest
1259 2384 1423 2459 eorundem,

328 2466 371 2527 aio
394 2470 438 2525 est
461 2465 604 2526 ordinata.
647 2464 783 2525 Viearius
805 2465 926 2526 habebit
948 2470 1044 2525 totum
1070 2466 1249 2542 altaregium
1276 2466 1426 2526 reddendo

329 2547 417 2607 dietis
436 2546 525 2625 prlori
544 2550 574 2605 et
593 2546 739 2607 canonisis
758 2547 909 2607 annuatim
929 2546 1081 2606 dimidiam
1101 2566 1232 2607 maroam.
1275 2546 1315 2607 Et
1331 2547 1428 2607 dietus

329 2629 408 2707 prior
420 2627 606 2706 respondebit
618 2633 758 2706 utsupra,
772 2633 803 2688 et
822 2628 988 2705 providebit
1008 2628 1045 2687 de
1064 2628 1148 2703 tofto,
1163 2629 1345 2707 oompetenti.
1388 2628 1430 2689 Et

330 2714 375 2770 est
388 2709 467 2770 diota
479 2709 586 2769 vinaria
598 2709 772 2771 sufficienter
785 2708 917 2769 ordinata
929 2713 964 2769 ut
977 2708 1092 2770 dieitur.

394 2885 654 2941 ΗΑυοΗτι-ιοῃκ
678 2868 883 2953 [ΗαοΙείῙιονη].
918 2870 1036 2931 Viearia
1048 2870 1080 2931 in
1094 2870 1249 2932 medietate
1262 2871 1380 2931 eeclesia
1394 2870 1431 2931 de

332 2952 539 3030 Haughthom,
566 2971 623 3029 qne
649 2959 694 3012 est
716 2953 819 3030 prioris
842 2958 872 3013 et
895 2952 1066 3013 monialium
1085 2952 1123 3012 de
1142 2953 1305 3026 Bullinton,
1326 2954 1367 3013 sio
1387 2958 1433 3012 est

305 3072 311 3077 ·
332 3034 473 3094 ordinata
517 3033 651 3093 Wearius
663 3032 784 3093 habebit
796 3038 889 3094 totam
904 3033 1087 3093 medietatem
1101 3035 1229 3111 ipsorum
1244 3034 1280 3093 de
1293 3034 1431 3112 altarsgio

332 3120 428 3193 preter
440 3114 543 3188 linum,
557 3114 705 3174 reddendo
717 3115 869 3174 munaum
883 3114 969 3174 dietis
978 3113 1068 3191 priori
1077 3118 1106 3173 ot
1119 3114 1295 3175 monialibus
1307 3120 1431 3192 quatuor

332 3196 450 3255 solidos.
492 3195 620 3255 Persona
639 3213 708 3255 vero
727 3195 914 3273 respondebit
934 3196 971 3255 de
991 3214 1043 3255 siaa
1062 3196 1226 3269 medietate,
1247 3202 1277 3255 et
1296 3196 1432 3255 similiter
1529 3226 1534 3239 ·

332 3279 369 3335 ut
401 3276 480 3354 prior
505 3275 672 3354 providebit
697 3276 734 3337 de
763 3276 842 3337 toito
869 3282 899 3337 et
926 3277 1118 3337 communiter
1149 3276 1366 3355 respondebunt
1393 3276 1431 3337 de

333 3356 545 3435 episoopalibus
558 3362 589 3417 et
600 3356 885 3419 arehidiaeonalibua

396 3532 662 3588 ottmwotmi.
688 3519 805 3580 Vioaris
827 3520 860 3581 in
882 3519 1001 3581 ecelesia
1021 3518 1059 3580 de
1080 3518 1283 3581 (ilentewnrth
1306 3536 1363 3597 qne
1386 3524 1431 3580 eet

335 3598 450 3659 abbatis
469 3605 499 3660 et
518 3605 679 3661 eonventus
691 3600 729 3661 de
748 3601 897 3662 Newehns
910 3602 1041 3661 oonsistit
1061 3601 1094 3660 in
1116 3605 1180 3661 toto
1203 3601 1340 3679 altamgio
1363 3619 1431 3661 eum

336 3698 436 3741 manso
449 3682 644 3759 competenti3
662 3687 693 3742 et
705 3683 783 3743 valet
795 3684 861 3759 ipsa
873 3682 980 3743 visoria
992 3701 1045 3743 sex
1057 3681 1150 3742 maro'.

397 3838 929 3983 &impossible-remisit}
950 3842 1067 3904 Vioaria
1079 3844 1112 3903 in
1125 3843 1243 3904 eoolesia
1252 3843 1290 3904 de
1303 3842 1430 3920 dereby,

337 3942 395 4001 que
407 3927 453 3983 est
465 3942 555 3982 eorun
576 3943 631 3998 em,
647 3924 780 3984 consistit
792 3926 825 3984 in
845 3930 907 3985 toto
927 3924 1073 4001 altsragb,
1094 3944 1160 3985 oum
1179 3926 1257 3985 tofto
1270 3930 1300 3985 et
1312 3924 1433 4003 gardino

337 4002 418 4082 quod
425 4003 562 4064 Matbeus
571 4005 807 4083 habuitexeepto
816 4007 894 4066 lino:
908 4006 1055 4066 reddendo
1064 4007 1134 4066 inde
1144 4006 1296 4066 annuatim
1309 4011 1434 4083 quatuor

338 4104 447 4145 mareas
466 4084 552 4145 dietis
571 4086 671 4147 abbati
691 4090 721 4147 et
740 4087 897 4147 eonventui
916 4088 953 4147 de
973 4087 1121 4147 Newebus
1131 4107 1141 4162 ;
1161 4093 1190 4148 et
1203 4087 1281 4147 idem
1301 4087 1390 4148 abbas
1403 4091 1434 4146 et

338 4166 471 4227 eanonioi
482 4167 635 4227 invenient
643 4166 824 4246 capellanum
834 4168 998 4242 secularem,
1009 4173 1039 4228 et
1047 4170 1079 4229 in
1093 4168 1228 4229 omnibus
1240 4188 1307 4228 eum
1317 4167 1436 4228 exhibe

338 4246 424 4322 bunt,
444 4239 496 4325 qui
515 4248 601 4326 plene
620 4247 762 4310 deserviet
781 4250 891 4327 capelle
909 4249 946 4309 de
966 4248 1101 4327 Engleby
1109 4270 1119 4325 3
1138 4254 1167 4309 et
1186 4250 1249 4327 ipse
1268 4248 1435 4327 capellanus

338 4329 426 4405 pleno
435 4330 502 4406 jure
521 4330 632 4389 suberit
650 4330 757 4391 vicario
777 4330 904 4391 matricis
916 4331 1051 4406 eooleeie;
1070 4335 1101 4390 et
1113 4330 1192 4392 valet
1204 4329 1303 4391 totalis
1316 4330 1435 4391 eeclesia

339 4406 410 4469 11³¹.
426 4409 520 4487 marr’,
533 4411 641 4471 vienna
653 4429 721 4470 vero
732 4410 811 4472 valet
824 4412 865 4488 vij
882 4410 973 4471 maro'.
1099 4490 1100 4493 Ἴ
