3192 5367
269 936 272 943 ,
313 846 492 990 &itae
519 847 780 993 §totiacus
812 854 869 963 ιι
895 850 1298 969 ιιιιιηιιιιιιιιι

200 1034 502 1152 bisaciarum
561 1047 767 1183 temporo
823 1040 1057 1185 &aporia
1106 1042 1297 1186 Waltz,

200 1226 568 1371 {imolaboris
595 1230 844 1375 lipianum,
871 1222 1186 1352 iaco-1235.

804 1474 816 1508 9

656 1471 830 1588 tirou.

622 1636 798 1721 [Fociapfo.
817 1636 869 1721 1²].

211 1758 214 1765 ‘
259 1760 291 1815 S.
306 1758 560 1815 ΡΗΙΟΕΒῊΙΤΗΕ.
585 1745 940 1807 Vioariaiuoonventnali
948 1745 1300 1807 ocdesiassanatellrides·

200 1827 290 1887 vithe
309 1826 480 1887 auctoritate
493 1826 605 1887 domiui
617 1826 756 1906 Episcopi
771 1827 905 1888 ordinata
916 1833 985 1905 post
996 1828 1152 1888 concilium
1164 1828 1232 1888 talis
1241 1834 1294 1889 est

199 1907 334 1969 Vicarius
346 1907 467 1968 habebit
479 1906 668 1968 sufficientem
682 1908 896 1969 exhibicionem
905 1909 982 1968 sicut
990 1910 1122 1969 canonici
1130 1908 1227 1986 quood
1240 1910 1298 1969 vic·

200 1989 603 2066 tualiainmensapriorisvel
611 1988 818 2067 alibisimagis
826 1988 986 2066 expedierit
994 1989 1128 2050 etloaum
1136 1995 1298 2067 competen-

200 2074 260 2131 tem
271 2070 308 2131 ad
314 2069 470 2147 jacendum
480 2071 513 2130 ιιι
522 2070 657 2148 prioratu
700 2069 832 2130 Habebit
844 2071 935 2130 eciam
947 2072 1064 2131 nomine
1076 2072 1184 2131 vicario
1196 2090 1248 2131 sue
1260 2072 1299 2131 ad

200 2153 341 2212 vestitum
361 2151 446 2227 xxiiij
467 2151 576 2211 solidos
595 2170 647 2229 per
672 2170 789 2211 annum
832 2151 966 2211 Pretorea
991 2152 1113 2212 babebit
1138 2152 1299 2212 secundnm

200 2232 328 2308 legatum
341 2231 379 2292 ad
391 2232 552 2292 valanciam
563 2232 595 2309 vj
610 2231 791 2291 denariorum
802 2236 832 2292 et
844 2232 924 2309 quod
935 2232 1013 2292 ultra
1025 2233 1055 2309 vj
1065 2233 1198 2293 denanos
1210 2232 1299 2293 fuerit

200 2314 278 2373 inter
289 2313 386 2391 ipsum
400 2317 430 2373 et
443 2313 596 2373 canonicos
609 2311 818 2373 dimidiabitur.
854 2312 939 2374 Prior
950 2319 1048 2373 autem
1060 2313 1190 2373 inveniet
1203 2314 1298 2373 eidem

200 2394 307 2455 vicario
316 2394 450 2454 clericum
458 2394 596 2454 idoneum
604 2392 971 2471 ojusobsequioeteeclesie
978 2394 1140 2455 ministerio
1148 2394 1298 2455 devotum:

201 2479 231 2535 et
253 2474 361 2535 sufficit
382 2475 427 2534 ibi
448 2494 526 2535 unns
549 2474 721 2552 capellanus
765 2474 864 2535 Stabit
890 2480 988 2535 autem
1014 2475 1162 2535 ordinacio
1188 2474 1243 2535 bec
1269 2475 1297 2533 si

201 2555 319 2627 domino
346 2554 490 2634 Episcopo
518 2554 675 2633 placuerit:
709 2555 840 2633 alioquin
866 2556 1030 2617 unitobitur
1065 2562 1152 2633 prout
1191 2555 1299 2617 viderit

200 2656 216 2695 e
258 2637 343 2699 edire.

217 2654 257 2715 xp
362 2711 363 2715 ’
682 2713 746 2799 [Εο.
763 2714 817 2799 1·].

404 2824 561 2884 Ordinatio
573 2824 715 2900 pecoralis
726 2842 813 2900 super
824 2823 944 2883 vicardo
955 2822 992 2883 de
1007 2822 1095 2884 omr’.

261 2930 300 2991 In
321 2929 456 2991 omnibus
475 2929 602 2991 ecclesiis
621 2948 693 3009 qnos
712 2929 814 2990 Abbas
834 2932 864 2989 ot
881 2928 1023 2991 canonici
1042 2927 1129 2988 Oeen'
1144 2929 1275 2989 tenent
1265 2948 1299 2990 ιιι

201 3031 273 3090 prop
253 3012 324 3090 priis
356 3011 457 3073 usibus
489 3011 587 3071 tam
576 3031 610 3071 ιιι
642 3010 889 3071 Arcbidiaconatu
921 3009 1015 3070 Oxon'
1045 3029 1134 3088 quum
1166 3010 1200 3069 in
1232 3010 1298 3070 aliis

201 3092 493 3153 Archidiaconatibus
512 3092 643 3153 Lincoln'
660 3092 790 3168 diocesis,
812 3092 864 3151 ubi
883 3090 989 3152 vicarie
1009 3109 1069 3151 non
1088 3090 1199 3151 luerint
1218 3092 1298 3169 prius

201 3174 332 3234 ordinate
344 3192 396 3251 per
408 3174 575 3251 episcopum
595 3172 632 3234 de
652 3192 794 3235 consensu
813 3173 951 3251 ipsorum,
971 3191 1023 3250 per
1042 3172 1194 3232 dominum
1213 3171 1297 3233 Lino'

201 3255 367 3333 episcopum
387 3254 543 3331 Hcgonem
562 3255 730 3328 secundum,
751 3254 922 3315 auctoritaie
941 3252 1065 3327 concilii,
1083 3252 1233 3331 provisum
1252 3259 1297 3313 est

200 3336 234 3395 in
259 3334 339 3395 bunc
367 3336 494 3397 modum
537 3334 672 3396 Vioarius
692 3354 744 3413 per
769 3335 917 3395 Abbatom
943 3339 974 3393 et
1000 3333 1186 3395 conventum
1209 3333 1296 3395 Osen'

200 3416 410 3494 presentandus
423 3420 454 3477 ot
465 3416 663 3477 instituendus
676 3416 714 3477 ab
733 3416 868 3495 episeopo
887 3414 1009 3475 habebit
1028 3416 1146 3475 nomine
1158 3419 1297 3493 perpetue

200 3497 306 3558 vicarie
327 3516 379 3559 suo
400 3496 438 3557 ad
457 3497 598 3559 vestitum
618 3515 704 3556 suum
727 3496 801 3557 duas
821 3515 930 3556 marcas
950 3515 1150 3574 perannum.
1176 3494 1298 3556 habebit

200 3580 290 3638 eciam
299 3576 458 3639 secundum
467 3577 606 3673 legatum·
604 3577 643 3637 ad
652 3578 813 3639 valentiam
826 3596 879 3637 sex
892 3576 1074 3637 denariorum
1086 3582 1117 3636 et
1128 3576 1209 3654 quod
1221 3576 1299 3636 ultra

199 3678 251 3719 sex
265 3658 398 3719 denarios
411 3659 500 3719 luerit
511 3658 694 3737 interipsum
704 3662 734 3719 et
744 3658 905 3721 Canonieoe
914 3657 1123 3718 dimidiabitur.
1165 3656 1297 3717 Habebit

200 3741 291 3801 οιιιιιι
309 3741 345 3801 de
369 3738 568 3801 oblacionibus
593 3739 632 3799 ad
658 3740 748 3801 altare
770 3738 1009 3817 provenientibus
1030 3757 1122 3799 unum
1145 3736 1297 3798 denarium

200 3820 345 3881 missalem
359 3822 475 3898 quocies
487 3819 675 3882 celebraverit
687 3826 716 3881 ot
731 3821 867 3881 donamus
885 3819 1050 3897 provenerit
1063 3823 1092 3878 at
1105 3818 1245 3896 quicquid
1259 3838 1297 3878 ex

198 3901 355 3961 devocione
367 3902 537 3962 fidelium'
512 3921 540 3961 er
559 3901 773 3961 racionabiliter
784 3901 873 3961 fuerit
892 3900 1037 3960 collatum
1080 3900 1158 3959 Item
1170 3898 1291 3959 habebit

198 3982 391 4043 sufficientem
409 3982 623 4043 exhibiciousm
643 3982 719 4043 siout
738 3982 870 4042 canonici
889 3981 986 4058 quoad
1000 3980 1138 4042 victualia
1150 3980 1183 4040 ιιι
1196 3999 1296 4039 mensa

136 4108 139 4117 .
199 4064 401 4124 canonicorum
416 4063 470 4124 ubi
482 4064 614 4125 canonici
632 4082 741 4124 moram
760 4063 881 4124 faciunt
925 4062 1066 4124 canonici
1078 4080 1147 4121 voro
1160 4060 1296 4121 clericum

198 4144 375 4205 idoneum
349 4164 376 4205 er
390 4149 419 4205 et
433 4145 496 4223 ojus
506 4145 643 4222 obsequio
652 4144 792 4205 devotum
806 4148 836 4204 et
848 4142 966 4204 ecclesio
974 4143 1134 4202 ministerio
1143 4142 1296 4202 invenient

199 4244 251 4302 qm
241 4226 459 4301 juramentum
471 4225 621 4286 fidelitatis
635 4230 664 4285 ot
677 4224 871 4285 devocionis
857 4225 920 4319 ‘ipsi
939 4224 1047 4283 vicario
1062 4222 1202 4300 prestabit
1214 4223 1296 4286 salva

198 4307 256 4367 lide
263 4306 406 4367 dictorum
415 4306 635 4379 canonicorum,
647 4307 698 4383 qui
708 4307 799 4366 eciam
808 4306 866 4383 ipsi
874 4306 981 4366 vicario
991 4304 1123 4364 similiter
1131 4303 1294 4381 garcionem

741 4436 765 4486 Δ
