3192 5367
597 612 756 666 nucoms
777 612 901 667 warns.
1259 599 1301 668 97

199 767 297 825 totum
304 761 475 840 eltaragium
484 759 565 821 illius
574 760 692 821 ecclesie
703 760 817 838 integre
825 761 985 823 remanebit
996 762 1038 822 eis
1048 762 1100 840 qdi
1109 781 1161 841 pro
1172 768 1300 845 tempore

200 864 322 923 persone
347 844 457 903 fuerint
482 844 516 902 in
543 842 643 902 eedem
669 846 699 901 et
722 842 853 902 valencia
877 843 1039 904 medietatis
1062 845 1155 921 ipsius
1168 845 1299 926 altaragii

200 925 466 1002 recompensabitur
478 923 565 983 dictis
578 924 675 983 Priori
688 926 718 982 et
732 923 901 984 conventui
913 924 946 983 in
959 924 1129 1003 subscriptis
1144 928 1254 989 scilicet
1267 932 1300 990 in

200 1006 338 1067 omnibus
352 1005 471 1065 decimis
483 1005 636 1083 garbarum
649 1004 686 1065 de
698 1004 752 1082 xiij
767 1004 882 1065 bovatis
894 1010 970 1065 terre
990 1025 1062 1084 quas
1081 1008 1139 1085 ipsi
1160 1007 1300 1071 Canonici

198 1091 301 1147 tenent
320 1091 355 1146 ιιι
374 1086 537 1163 predictum
556 1086 653 1145 estin
672 1085 850 1163 Bernetteby
864 1091 893 1145 et
912 1087 945 1145 in
963 1087 1082 1148 decimis
1095 1088 1247 1165 garbarum
1260 1093 1297 1153 de

198 1166 280 1245 viijtl
300 1168 416 1228 bovatis
437 1172 512 1227 terre
535 1186 608 1244 quas
630 1166 727 1226 Adam
740 1167 777 1226 de
788 1165 897 1227 Thorn'
910 1172 998 1228 ιιιιιι.
1042 1169 1119 1229 Item
1132 1170 1165 1229 in
1178 1171 1298 1234 decimis

197 1249 350 1327 garbarum
373 1248 410 1308 de
433 1248 486 1325 xiij
501 1248 617 1319 bovetis
638 1252 713 1308 terre
732 1266 805 1324 quae
818 1248 963 1308 Henricus
982 1249 1061 1309 filius
1074 1249 1199 1313 Walteri
1216 1258 1298 1316 tenet

198 1336 320 1409 excepte
332 1349 392 1389 una
399 1330 506 1390 bovata
515 1334 591 1389 terre
600 1348 688 1407 quam
698 1328 876 1389 Willielmus
889 1329 930 1389 fil’
940 1330 1049 1391 Wulst'
1059 1336 1139 1391 tenet
1150 1332 1297 1395 decadem

199 1411 335 1480 Henrico.
390 1412 439 1471 De
461 1411 568 1488 quibus
591 1410 726 1470 omnibus
748 1410 864 1470 bovatis
886 1415 961 1470 terre
983 1416 1166 1489 preterquam
1184 1414 1221 1475 de
1244 1414 1296 1477 illa

196 1492 305 1552 bovata
316 1511 406 1569 quam
418 1491 597 1551 Willielmus
608 1490 648 1550 fil’
662 1490 772 1551 Wulst'
784 1494 866 1551 tenet
879 1497 913 1551 ut
922 1491 1088 1569 predictum
1101 1498 1146 1553 est
1158 1497 1298 1573 sepedicti

198 1572 282 1632 Prior
308 1570 364 1655 [et]
391 1573 562 1634 Conventus
588 1571 715 1631 decimae
740 1572 892 1649 garbarum
914 1579 1054 1651 perpetuo
1080 1576 1241 1653 percipient
1266 1571 1297 1638 'et

198 1660 326 1731 preterea
349 1672 450 1714 omnes
467 1652 540 1713 alias
553 1653 678 1714 decimas
701 1652 854 1730 garbarum
874 1664 903 1713 et
915 1658 1005 1714 terras
1018 1661 1048 1716 et
1062 1656 1138 1716 tofta
1151 1657 1295 1735 adipeam

198 1735 347 1794 ecclesiam
366 1734 545 1812 pertinencia
564 1738 660 1812 preter
677 1734 869 1812 principalem
887 1754 1021 1795 mansum
1039 1755 1179 1813 persone:
1205 1739 1296 1801 iidem

198 1815 283 1875 Prior
295 1820 325 1876 et
338 1816 509 1877 Conventus
521 1820 551 1875 et
563 1833 684 1892 persone
696 1815 830 1893 predecte
848 1815 965 1875 ecclesie
985 1817 1022 1876 de
1042 1818 1220 1898 Bernetteby
1239 1840 1297 1897 que

197 1916 251 1974 pro
270 1901 400 1974 tempore
418 1897 529 1957 suerint
544 1897 622 1956 inter
636 1915 668 1955 se
686 1896 828 1973 equaliter
840 1896 1045 1958 dimidiabunt.
1086 1898 1126 1959 Et
1138 1900 1195 1977 ipsi
1213 1902 1297 1979 Prior

196 1981 229 2038 et
242 1977 412 2039 Conventus
424 1977 562 2056 quociens
573 1977 668 2054 ipsam
680 1978 866 2037 medietatem
879 1997 936 2057 que
949 1979 1021 2055 ipsis
1034 1980 1165 2055 ejusdem
1178 1983 1295 2042 ecclesie

74 2074 78 2078 ⁴
197 2060 358 2119 remanebit
370 2078 472 2120 vacare
481 2059 634 2136 contigerit
642 2076 794 2135 personam
803 2058 938 2119 idoneam
948 2060 1033 2120 nobie
1043 2065 1073 2121 et
1086 2064 1297 2125 successoribus

197 2140 305 2199 nostrie
316 2141 526 2217 presentabant
538 2139 750 2199 instituendam
762 2143 793 2199 et
803 2140 1030 2201 ministraturam
1039 2142 1071 2201 in
1081 2143 1189 2205 eadem.
1231 2144 1295 2221 Qus

198 2221 289 2281 eam
302 2222 400 2281 omnia
412 2240 499 2281 onera
510 2221 603 2297 ipsius
616 2221 734 2280 ecclesie
746 2220 890 2281 ordinaria
905 2223 1069 2283 sustinebit.
1113 2222 1172 2285 Sed
1185 2225 1211 2285 si
1224 2226 1296 2304 quid

197 2303 344 2363 emerserit
356 2301 614 2363 extraordinarium
626 2301 716 2361 iidem
736 2301 821 2362 Prior
839 2306 870 2361 et
896 2303 1065 2364 Conventus
1084 2303 1154 2365 inde
1173 2326 1225 2383 pro
1246 2326 1299 2367 sua

197 2384 354 2444 medietate
360 2382 876 2461 proporcionabiliterrespondebunt.
909 2384 1303 2449 Concesseruntecismdictiv

198 2465 283 2525 Prior
295 2470 325 2524 et
339 2465 509 2527 Conventus
521 2463 601 2541 quod
613 2465 639 2523 si
652 2463 725 2541 quid
737 2464 770 2521 in
782 2464 943 2541 privilegiis
956 2484 1007 2525 seu
1027 2467 1296 2529 confirmacionibus

199 2547 272 2625 ipsis
285 2547 380 2607 Priori
393 2551 423 2607 et
437 2545 605 2609 Conventui
617 2544 742 2604 indultis
757 2563 844 2622 super
862 2546 926 2623 ipsa
946 2547 1064 2607 ecclesie
1087 2548 1136 2608 vel
1158 2550 1298 2627 pensione

199 2630 293 2769 qpeitqa
305 2633 478 2769 conclqptum
491 2627 582 2768 ιιῖήὸ
593 2630 693 2765 soffia
704 2626 1166 2768 Qfflffii'fiaeiffimssigmm
1180 2636 1216 2771 tet
1235 2651 1298 2773 prq-

233 2729 346 2771 crum
400 2728 520 2769 ecame
583 2726 630 2766 ar
709 2724 763 2765 nos
825 2726 846 2767 n
890 2727 936 2766 am
991 2727 1032 2767 nu
1092 2728 1296 2773 momer.

202 2795 247 2855 Ut
270 2798 368 2853 autem
395 2809 513 2868 presens
541 2726 688 2848 ordiiracio
708 2792 772 2847 rata
798 2788 1014 2865 imperpetuum
1041 2730 1207 2867 permandet
1235 2812 1299 2853 eam

203 2874 332 2953 presenti
365 2872 474 2949 scripto
507 2874 537 2931 ιι
570 2868 660 2945 sigilli
689 2868 783 2929 nostri
811 2870 993 2946 apposicione
1023 2890 1082 2930 una
1112 2892 1179 2933 cum
1202 2874 1298 2951 sigillo

201 2956 326 3035 predicti
359 2951 490 3031 Capituli
522 2951 615 3010 nostri
647 2947 731 3009 Linc'
763 2950 903 3009 duximus
940 2952 1138 3014 roborandam.
1203 2955 1300 3016 Salvis

200 3038 235 3097 in
262 3035 399 3097 omnibus
425 3033 477 3093 dcc.
532 3030 668 3091 Testibus
694 3031 807 3109 Rogero
833 3032 961 3103 Decano,
989 3034 1150 3094 Willielmo
1177 3035 1296 3098 Archid

200 3119 293 3192 Linc',
314 3116 350 3177 G.
372 3115 552 3188 Precentore‚
572 3112 684 3190 Rogero
700 3110 888 3187 cancellario,
903 3112 937 3173 G.
953 3112 1149 3191 Theeeurario,
1163 3116 1185 3177 J
1185 3116 1300 3179 ohanne

201 3199 385 3271 Subdecano,
408 3194 573 3256 Reimuudo
596 3193 697 3267 Leirc',
724 3193 798 3254 Rob.
825 3192 1020 3271 Huntindon’,
1049 3196 1175 3274 Hugone
1202 3198 1300 3259 Stovve

201 3277 419 3353 archidiaconis,
438 3275 588 3355 Magistris
600 3274 761 3334 Willielmo
774 3274 811 3334 de
824 3274 957 3350 Barden',
976 3276 1105 3337 Roberto
1124 3278 1161 3338 de
1174 3279 1298 3355 Grauel',

201 3362 252 3423 W.
267 3362 304 3421 de
318 3358 410 3434 Linc’,
424 3362 455 3417 et
467 3356 599 3417 Waltero
612 3355 649 3414 de
662 3354 751 3415 Well'
770 3359 801 3415 et
820 3349 884 3417 aliis
903 3361 938 3417 ut
957 3376 1044 3435 supra
1063 3362 1140 3419 carte
1159 3361 1298 3438 proxima.

192 3438 271 3503 ¹Dat'
284 3462 336 3521 per
350 3458 470 3501 manum
489 3438 571 3499 Petri
590 3437 628 3497 de
647 3436 734 3496 Bath'
754 3437 886 3497 canonici
906 3438 987 3497 Linc'
1007 3440 1040 3499 in
1061 3440 1197 3518 Capitulo
1217 3442 1301 3503 Linc'

201 3524 281 3599 apud
293 3523 375 3585 Liuc'
389 3522 477 3582 Nono
490 3519 548 3580 kal.
563 3516 699 3579 Octobris
711 3518 793 3595 pont'
806 3520 899 3579 nostri
911 3538 989 3580 anno
1003 3520 1123 3583 decimo.

262 3680 808 3754 mrorrrescalaiodafflterhclla
1223 3756 1230 3769 ,

263 3766 416 3828 Universie
439 3764 488 3823 ιιι.
528 3763 654 3823 Noverit
676 3762 849 3821 universitas
872 3765 968 3823 vestra
989 3780 1043 3822 nos
1066 3762 1104 3823 de
1125 3783 1245 3826 assensu
1268 3772 1298 3828 et

201 3850 352 3913 voluntate
364 3847 535 3907 dilectorum
547 3844 673 3904 filiorum
686 3843 792 3919 Rogeri
802 3842 915 3903 Decani
928 3848 957 3903 ιι
971 3843 1101 3921 Capituli
1113 3849 1205 3907 ιιοιιιί
1215 3848 1298 3907 Linc'

202 3932 315 3991 dedisse
331 3931 362 3989 ιι
380 3926 552 3988 concessisse
572 3925 686 3985 dilectis
705 3924 738 3983 in
752 3923 871 3984 Christo
890 3924 959 3984 filiis
972 3924 1068 3984 Priori
1086 3931 1116 3986 ιι
1130 3926 1297 3989 Conventui

202 4014 239 4073 de
252 4009 397 4088 Dunstap’
410 4026 540 4068 annumn
553 4010 671 4067 centum
690 4005 848 4065 solidorum
866 4006 1013 4065 redditum
1033 4006 1065 4065 in
1079 4008 1130 4067 illa
1142 4009 1297 4070 medietate

201 4093 319 4155 ecclesie
338 4091 375 4151 de
388 4088 538 4150 Pateshill'
550 4106 639 4167 quam
650 4086 781 4164 Rogerus
800 4086 837 4146 de
849 4085 1047 4146 Luttrevvorth
1066 4090 1163 4148 tenuit
1180 4090 1213 4148 in
1226 4109 1295 4149 usus

201 4174 332 4253 proprios
343 4174 472 4249 ipsorum
484 4169 687 4229 canonicorum
701 4167 819 4227 nomine
838 4168 970 4245 perpetui
983 4167 1116 4228 beneficii
1129 4176 1297 4229 converten-

201 4256 281 4317 dum
323 4253 387 4329 Quo
400 4251 533 4313 comistit
545 4251 578 4309 in
591 4250 709 4309 decimis
722 4248 804 4307 bladi
817 4252 847 4307 ιι
859 4248 891 4307 in
904 4248 1021 4307 redditu
1034 4247 1125 4325 vjjtem
1137 4250 1295 4311 solidorum

202 4337 240 4397 de
259 4334 383 4399 Coteriis
402 4332 571 4395 tenentibus
590 4331 627 4391 de
646 4330 765 4391 ecclesia
787 4329 1031 4407 proveniencium.
1073 4330 1160 4391 Salva
1179 4331 1296 4413 Nigello

743 4460 767 4516 G
