3192 5367
271 542 314 613 76
676 558 781 613 mara
801 556 979 623 marronae

333 718 604 779 ΑῬΡΒΟΡΒΙΑΟΙΟ
628 707 739 767 walerio
767 706 904 767 Ornatam
929 706 983 768 88.
1008 707 1042 767 a'a
1062 708 1132 783 soro
1157 708 1193 768 de
1220 708 1371 783 &alpad

332 787 487 852 Universia
494 785 547 847 dac.
589 786 715 848 Noverit
722 786 897 848 amramitae
906 791 1003 847 rastra
1012 806 1067 848 nos
1077 788 1114 848 de
1123 806 1240 849 assensu
1248 790 1370 867 capituli

272 872 366 933 nostri
377 868 460 929 Linc'
472 867 574 927 divine
585 868 704 945 pietatis
713 868 825 928 intuitu
835 869 1007 929 conceseiase
1017 874 1047 929 et
1058 869 1180 943 dedisse,
1191 870 1284 930 etheo
1294 878 1373 931 carta

271 958 371 1014 nostra
383 949 573 1022 confirmasse,
588 949 703 1011 dilectis
712 950 745 1009 in
755 949 873 1011 Christo
882 949 999 1010 filiabus
1009 950 1148 1011 Priorieee
1159 954 1189 1011 ct
1198 952 1373 1012 monialibus

272 1032 303 1095 S.
317 1030 471 1093 Michaelis
483 1029 521 1090 de
535 1028 685 1105 Staniord,
699 1030 847 1091 emlesiam
868 1030 1009 1091 Omnium
1027 1032 1199 1091 Sanctorum
1211 1032 1245 1091 in
1257 1032 1320 1093 foro
1334 1034 1371 1093 de

271 1112 418 1176 Stanford
461 1110 550 1171 Salva
561 1110 669 1171 vicena
680 1130 769 1189 quam
782 1112 986 1171 constituimus
999 1113 1033 1171 in
1044 1112 1153 1186 eadem,
1168 1131 1226 1189 que
1238 1114 1372 1174 consistit

269 1195 304 1255 in
316 1193 453 1255 omnibus
465 1192 694 1253 obvenaionibm
704 1198 735 1252 et
743 1193 944 1271 proventnbue
956 1192 1087 1271 allaragii
1099 1193 1231 1269 ejusdem
1244 1194 1369 1256 ecclesie.

270 1275 303 1337 Ie
314 1280 412 1336 autem
425 1273 478 1351 qui
490 1277 647 1351 perpetuus
659 1274 750 1335 merit
758 1274 883 1335 vicerim
892 1274 1062 1351 pensionem
1075 1275 1199 1335 duarum
1210 1293 1371 1336 marcarum

268 1356 342 1435 ipsis
360 1354 537 1415 monialibus
556 1355 708 1415 annuatim
728 1355 761 1413 in
780 1354 855 1415 festo
882 1356 1068 1432 rogacionum
1087 1356 1124 1416 de
1144 1354 1245 1415 eadem
1264 1356 1371 1417 vicaria

269 1437 424 1515 persolvet,
444 1439 476 1496 et
495 1435 594 1495 omnia
612 1454 701 1496 onera
718 1434 894 1515 episcopalia
911 1436 1075 1497 suatinebit
1117 1436 1279 1497 Residuum
1292 1456 1369 1511 vero,

269 1518 380 1579 edlioet
397 1521 493 1577 totam
510 1520 616 1577 terram
634 1516 753 1578 ecclesie
772 1521 803 1578 et
823 1534 923 1577 omnes
942 1516 1068 1577 decimae
1087 1516 1247 1595 garbarum,
1269 1518 1370 1578 eadem

269 1598 412 1659 Prioriam
430 1600 463 1659 et
480 1597 621 1658 moniales
646 1597 798 1658 habebunt
818 1597 1001 1675 improprios
1027 1617 1098 1659 usna
1124 1598 1367 1660 conveniendum.

271 1680 366 1741 Salvis
378 1680 413 1739 in
431 1678 576 1752 omnibus,
597 1677 649 1740 dra
692 1680 731 1739 In
750 1678 840 1756 hrp'ue
858 1678 957 1755 igitur,
971 1678 1033 1753 dra,
1048 1684 1191 1757 utsupra
1233 1679 1370 1741 Testibua

269 1760 383 1839 Rogare
409 1759 527 1832 domno,
561 1759 600 1820 R.
630 1758 850 1837 Norbampton’‚
886 1760 922 1821 a
958 1759 995 1820 de
1028 1760 1130 1821 Heilea
1163 1760 1369 1837 Hnntingdon’

267 1841 482 1914 Archidiacon',
502 1840 630 1917 Hngonc
648 1840 686 1901 de
706 1840 737 1901 S.
759 1840 912 1915 Eduardo,
934 1840 1075 1918 Magistro
1089 1841 1202 1919 Rogero
1216 1841 1253 1901 de
1266 1841 1368 1915 Cestr’,

267 1923 381 1985 Thoma
399 1922 438 1983 de
456 1921 622 1994 mannan,
642 1925 673 1981 et
691 1922 805 2000 Rogero
826 1922 863 1981 de
882 1922 1010 1983 Brlstoll’
1032 1922 1194 1999 capellania
1227 1919 1285 2003 [fo.
1303 1924 1366 1998 24⁸]

268 2003 356 2063 Petro
389 2004 428 2064 de
458 2002 584 2063 Bathon'
612 2004 740 2063 canonio’
773 2002 915 2077 Linooln',
958 2002 1099 2081 Magistro
1136 2003 1298 2063 Willielmo
1332 2004 1369 2063 de

268 2084 455 2158 Brancewell,
476 2082 618 2160 Megirtro
637 2082 762 2144 Ricardo
775 2084 813 2143 de
826 2083 1009 2161 Tingehuret,
1025 2084 1175 2161 Stephano
1188 2085 1226 2144 de
1239 2084 1367 2158 cicestr,

268 2170 299 2225 et
311 2165 384 2227 aliia
425 2164 495 2226 Dat’
508 2183 561 2241 per
573 2182 694 2224 manum
706 2164 755 2225 W.
770 2165 808 2225 de
821 2164 940 2225 Tornao'
950 2164 1144 2226 archidiaconi
1158 2165 1277 2227 Stouwe
1289 2166 1368 2245 apud

268 2246 432 2322 Bannebir',
446 2244 523 2322 iiijte
539 2244 597 2306 kal.
613 2246 742 2324 Augusti
754 2246 947 2308 Pontificatue
960 2247 1053 2307 nostri
1065 2266 1143 2307 anno
1153 2247 1222 2329 75⁰⁰·

260 2453 262 2461 ·
329 2419 563 2477 mnrrcaoro
572 2406 1365 2485 rollecioaiejonbpalronatueiaecolearbdeliprlcbp.

327 2489 482 2551 Universie
504 2488 556 2550 uc
600 2487 778 2550 Salutemin
790 2489 917 2551 domino.
960 2490 1059 2565 Quum
1074 2490 1123 2569 pia
1139 2490 1217 2550 iacta
1235 2490 1367 2549 fidelium

266 2572 357 2650 digno
375 2570 475 2630 farore
493 2574 564 2631 sunt
582 2570 788 2647 persequenda.
820 2570 970 2631 Noveritia
992 2571 1073 2648 quod
1099 2590 1154 2631 noe
1180 2570 1367 2631 collacionem

267 2652 368 2714 dilecti
379 2650 435 2711 filil
447 2650 582 2729 Philippi
600 2650 638 2712 de
658 2651 803 2729 Kynton’,
824 2671 913 2730 quem
932 2670 1018 2729 eaper
1038 2652 1229 2713 advoeeoione
1249 2652 1366 2712 melesio

267 2734 304 2795 de
323 2731 460 2808 Kirkeby
479 2732 550 2792 fecit
573 2732 688 2792 dilectis
713 2732 783 2792 filiis
809 2732 841 2793 in
870 2732 986 2794 Christo
1013 2733 1151 2793 fratribus
1173 2733 1244 2793 novi
1270 2733 1366 2811 hospi·

265 2814 334 2875 talis
360 2814 398 2874 de
428 2812 613 2873 Teneleaford
639 2814 673 2879 in
695 2812 806 2873 honore
826 2814 856 2875 S.
884 2812 1031 2875 Johsnnis
1061 2820 1091 2874 et
1120 2813 1149 2875 S.
1178 2813 1366 2891 Radegundia

265 2896 391 2969 fundati,
416 2900 570 2955 eteorum
591 2894 802 2955 successoribus
824 2895 1037 2973 imperpetuum
1060 2895 1170 2955 ibidem
1196 2895 1364 2971 regulariter

265 2976 425 3050 servituris,
438 2979 530 3036 ratam
542 2978 573 3035 et
584 2980 696 3054 gratam
708 2975 858 3049 habemus,
873 2980 902 3036 et
915 2995 986 3051 eam,
1002 2976 1078 3037 sicut
1090 2976 1304 3036 racionabiliter
1322 2977 1365 3036 eie

265 3058 343 3118 facta
354 3062 408 3131 est,
417 3058 573 3117 autoritate
585 3056 741 3135 episcopali
754 3058 965 3118 confirmamus.
1001 3057 1098 3119 Salvis
1111 3058 1144 3117 in
1154 3056 1298 3131 omnibus,
1310 3055 1362 3117 dac.

265 3138 334 3199 Hiis
357 3138 482 3211 testibus
504 3138 540 3199 R
562 3136 600 3197 de
618 3136 746 3197 Briatoll’
761 3138 918 3216 capellano,
932 3139 966 3199 P.
982 3138 1020 3197 de
1041 3136 1166 3200 Bathon’
1180 3137 1306 3198 canonie’
1327 3138 1365 3198 de

265 3219 407 3293 Linooln',
421 3218 562 3297 Magistro
575 3219 703 3279 Roberto
716 3218 755 3279 de
770 3218 895 3293 Grauel’,
910 3219 1051 3297 Magistro
1070 3220 1106 3280 R
1122 3220 1159 3279 de
1178 3218 1363 3297 Tingeburst,

265 3300 302 3361 R
328 3300 365 3361 da
388 3297 504 3376 Bolrnn,
527 3300 677 3378 Stephano
698 3300 735 3359 de
758 3299 886 3375 Cioeetr’,
911 3306 941 3361 et
964 3300 1037 3361 aliis
1079 3301 1148 3362 Ilat'
1171 3320 1223 3378 per
1245 3319 1364 3359 manum

265 3381 401 3459 Magistri
419 3380 575 3460 Reginaldi
597 3380 634 3441 de
657 3381 748 3444 Ocetr’
761 3382 841 3459 apud
865 3381 1016 3460 Kyldeby‚
1030 3381 1061 3443 N
1062 3401 1106 3443 on
1123 3381 1251 3459 Augusti
1269 3382 1364 3459 ponti·

264 3464 368 3523 ficetus
379 3463 473 3523 noemi
491 3480 569 3523 anno
581 3462 635 3540 vj0.

222 3661 226 3669 .
322 3620 492 3676 οΑΡΕΙ.Ι.Α
513 3620 561 3675 ΟΕ
581 3618 796 3676 ΤΑΤΕΝΗΟυ.

326 3687 471 3748 Omnibus
480 3686 592 3748 Christi
603 3687 740 3747 fidelibus
750 3686 802 3747 ec.
845 3686 895 3747 Ad
907 3686 1105 3748 universitatis
1117 3690 1212 3747 vestre
1225 3686 1362 3747 noticiam

263 3763 402 3831 volumue'
417 3767 567 3846 pervenire
586 3786 640 3828 noe
660 3769 697 3828 de
716 3786 836 3829 easemn
855 3768 987 3846 Capituli
1004 3768 1096 3829 nostri
1109 3766 1240 3827 Linooln'
1261 3768 1362 3828 divine

263 3850 381 3929 pietatis
394 3849 507 3909 intuitu
516 3848 688 3909 concessisse
701 3853 731 3909 ct
744 3848 858 3909 dedisse
867 3849 982 3909 dilectis
994 3849 1028 3908 in
1042 3849 1159 3910 Christo
1172 3848 1242 3909 filiis
1250 3849 1362 3910 Abbati

263 3938 293 3993 et
313 3930 469 3992 (lenonicia
488 3929 526 3990 de
544 3928 703 3990 Lavenden
723 3928 873 4008 Capellam
893 3930 930 3990 dc
954 3930 1107 3990 Tatenhou
1132 3948 1199 3990 cum
1227 3930 1363 3991 omnibus

262 4012 451 4091 pertinenciis
463 4011 523 4072 auis
535 4011 569 4069 in
580 4010 712 4089 proprios
726 4030 797 4071 aena
812 4012 1026 4089 imperpetuum
1042 4010 1206 4071 habendam
1219 4016 1249 4071 et
1263 4016 1363 4071 tenen-

263 4094 341 4167 dam,
365 4094 515 4171 ipsamque
538 4091 580 4152 eis
603 4092 774 4153 auctoritate
796 4093 952 4170 episcopali
976 4092 1195 4151 confirmamus:
1216 4092 1304 4153 salvia
1328 4093 1368 4173 iux

264 4174 400 4236 omnibus
419 4172 630 4252 episcopalibus
648 4172 908 4233 consuetudinibus
929 4179 958 4234 et
978 4172 1109 4233 Linooln'
1132 4174 1249 4233 ecclesie
1269 4172 1362 4249 digni·

263 4261 331 4317 tate
374 4256 414 4315 In
426 4256 516 4334 hujus
528 4255 618 4334 igitur
630 4254 672 4315 rei
683 4254 772 4315 robur
785 4259 816 4315 et
829 4254 1029 4315 testimonium
1039 4254 1109 4313 huic
1118 4255 1225 4333 scripto
1233 4254 1362 4332 sigillum

263 4343 395 4399 nostrum
404 4344 449 4399 eet
461 4338 634 4417 appositum
677 4336 746 4396 Hiis
758 4336 883 4397 testibus
896 4336 1008 4415 Rogero
1021 4335 1058 4396 de
1072 4335 1199 4397 Brietoll'
1213 4335 1361 4413 capellano
