3192 5367
628 562 784 619 nononis
807 562 932 619 wntrs.
1288 548 1328 613 21

294 727 481 782 εερΕΝΗο.
509 712 625 774 Vicario
644 714 676 773 in
696 713 815 773 ecclesis
833 713 870 773 de
883 712 1017 791 Segsnbo
1035 731 1093 790 que
1112 716 1158 772 est
1173 712 1332 775 eorundem

232 800 403 858 anctoritate
417 796 533 858 concilii
546 795 678 855 ordinato
691 796 824 855 consistit
838 796 872 855 in
885 799 948 854 toto
961 794 1097 871 altaragio
1107 793 1237 871 exceptis
1249 796 1332 873 agnis

233 878 286 954 qui
313 880 404 955 priori
432 884 462 939 et
482 877 613 938 canonici
631 875 830 937 remanebunt
871 875 912 937 Et
931 876 1026 936 solvet
1044 876 1169 935 vicarius
1187 874 1332 937 sinodalis

234 962 350 1020 tantum
363 961 495 1021 canonici
507 976 575 1018 vero
590 958 686 1017 omnia
699 958 756 1017 alis
768 958 861 1035 ipsius
871 957 988 1034 ecclesis
998 975 1085 1016 onero
1094 956 1290 1018 sustinebunt

295 1129 507 1185 MELEBROK.
533 1119 651 1179 Viosris
669 1119 702 1178 in
721 1068 840 1178 ecclesia
859 1118 896 1177 de
909 1118 1077 1178 Melebroclr
1096 1137 1154 1196 que
1173 1122 1218 1177 est
1230 1120 1333 1195 prioris

234 1206 264 1261 et
274 1208 434 1263 conventus
447 1202 484 1261 de
497 1201 580 1260 Bello
593 1200 670 1260 Loco
686 1200 855 1259 auotoritcte
868 1200 983 1260 concilii
1002 1200 1135 1260 ordinato
1147 1200 1280 1260 consistit
1299 1200 1333 1260 in

233 1287 297 1343 toto
323 1284 459 1359 altaragio
486 1287 581 1361 preter
614 1299 702 1357 agnos
729 1298 794 1340 cum
821 1299 922 1340 manso
955 1285 1136 1357 competente
1169 1285 1199 1340 et
1231 1280 1333 1340 reddet

234 1364 358 1425 vicarius
382 1363 530 1424 monachis
557 1362 695 1440 predictis
721 1361 754 1419 xl
781 1361 913 1421 denarios
943 1366 973 1421 et
999 1361 1107 1421 archid’
1130 1362 1333 1421 tantummodo
1446 1408 1448 1412 .

233 1445 393 1505 sinodalia:
412 1445 490 1522 prior
517 1462 585 1503 vero
612 1443 648 1502 de
674 1442 805 1519 hospicio
831 1440 1027 1502 archidiaconi
1053 1446 1083 1501 et
1106 1442 1242 1502 omnibus
1268 1442 1334 1503 aliis

234 1527 369 1587 oneribus
379 1526 566 1603 respondebit
576 1528 605 1583 ct
614 1522 694 1585 valet
704 1523 811 1583 vicaria
821 1522 865 1601 iiij
880 1522 966 1586 morc’
975 1522 1055 1583 total'
1066 1528 1163 1583 autem
1174 1523 1292 1583 ecclesia
1301 1544 1331 1584 x.

294 1694 513 1749 ΑυΝΤΗΙιιΕ.
541 1684 657 1745 Vicaria
670 1684 703 1744 in
717 1684 836 1745 ecclesia
848 1682 885 1744 ds
894 1683 1036 1745 Annthill
1048 1703 1106 1763 que
1119 1689 1164 1744 est
1177 1684 1334 1745 eorundem

234 1767 404 1827 anctoritate
419 1766 534 1826 concilii
548 1768 680 1827 ordinate
694 1770 738 1825 est
752 1766 784 1824 in
797 1765 877 1825 hunc
890 1765 1017 1826 modum.
1066 1764 1201 1825 Vicarius
1213 1766 1335 1827 habebit

202 1922 207 1931 ι
234 1854 324 1909 totam
353 1848 500 1907 ecclesiam
527 1848 645 1907 nomine
672 1847 786 1925 vicarie,
804 1866 855 1906 sus
881 1851 977 1925 pretor
1002 1848 1124 1923 meJ'ores
1151 1851 1181 1906 et
1206 1849 1336 1907 minutos

235 1929 359 1990 decimas
371 1929 408 1989 de
422 1928 567 1989 dominico
581 1928 669 1989 salvis
687 1928 758 1988 inde
771 1926 858 1987 dictis
870 1927 1019 1988 monachis
1032 1948 1053 1989 v
1065 1928 1167 1987 solidis
1185 1929 1292 1989 annuis
1305 1933 1335 1988 et

234 2012 328 2072 solvet
340 2010 464 2071 vicarius
480 2009 621 2071 sinodalia
633 2013 750 2069 tontum
763 2008 899 2068 moncchi
918 2028 986 2070 vero
1006 2009 1103 2069 omnia
1122 2008 1179 2069 alia
1198 2029 1286 2070 onere
1305 2014 1336 2069 et

234 2098 327 2152 cetero
339 2095 373 2151 ut
393 2110 479 2169 supra
498 2097 528 2152 ct
547 2092 626 2151 volet
644 2090 751 2151 sicaris
763 2108 784 2150 v
796 2090 889 2152 marc’.
931 2090 1042 2151 Totalis
1061 2096 1159 2151 antem
1171 2092 1291 2152 ecclesia
1308 2090 1334 2151 G

231 2173 290 2235 sol'.

294 2343 528 2401 QLOPHULLE.
555 2333 671 2394 Vicetia
683 2334 716 2393 in
729 2333 848 2395 ecclesio
858 2333 895 2394 de
905 2334 1046 2412 Clophull
1055 2353 1111 2412 que
1121 2338 1166 2393 est
1179 2332 1336 2394 eorundem

235 2417 405 2477 auotoritste
418 2415 535 2475 concilii
548 2416 683 2477 ordinata
695 2420 739 2475 est
751 2416 785 2474 in
796 2416 877 2475 hunc
897 2416 1025 2475 modurn.
1066 2415 1201 2476 Viosrins
1214 2415 1337 2475 hebebit

153 2518 156 2524 ’
236 2498 354 2558 nomine
367 2496 472 2557 vicarie
485 2515 536 2557 sus
550 2501 647 2556 totum
657 2496 826 2574 altcraginm
836 2501 931 2575 preter
940 2516 1028 2575 sgnos
1037 2495 1177 2557 solvendo
1186 2497 1337 2557 monachis

235 2578 373 2657 predictis
386 2598 407 2637 x
420 2578 527 2637 solidos
543 2597 663 2638 annuos.
706 2578 837 2637 Habebit
855 2579 946 2637 eciem
965 2596 1099 2637 mensum
1118 2577 1198 2655 qnod
1210 2578 1336 2638 vicarius

236 2660 341 2720 habere
349 2660 501 2719 consuevit
509 2659 585 2718 nihil
593 2658 662 2719 inde
670 2658 826 2719 reddendo.
854 2658 1335 2719 Etsolvetvicarinstsntummodo

236 2741 377 2801 sinodalia
390 2740 525 2800 monschi
537 2758 606 2800 vero
619 2740 717 2801 omnis
729 2740 786 2800 elia
799 2744 829 2800 et
842 2745 936 2800 cetera
948 2745 982 2799 ut
995 2758 1082 2817 supro
1094 2744 1125 2799 ct
1137 2740 1218 2801 valet
1228 2740 1337 2800 vicaria

236 2822 280 2899 iiij
296 2823 379 2883 moro'
393 2821 473 2881 total’
487 2821 606 2882 ecclesia
623 2840 652 2882 v.
696 2846 698 2850 ’

298 2992 488 3048 ευΝΕῠοΝ.
515 2982 633 3044 Vicaria
645 2983 678 3043 in
691 2982 810 3043 ecclesia
822 2982 860 3043 de
872 2982 1012 3044 Snnsdon
1022 2976 1079 3061 q‘ue
1098 2988 1143 3043 eet
1161 2982 1295 3062 priorisse
1307 2988 1338 3043 et

239 3064 408 3125 monialium
421 3065 458 3124 de
472 3064 543 3123 colla
557 3065 587 3125 S.
603 3064 754 3124 trinitatis
772 3061 895 3146 [blasti

301 3234 550 3291 POTESGRAVE
577 3225 695 3288 Vicarie
707 3226 740 3285 in
750 3226 869 3287 ecclesio
881 3226 920 3286 de
929 3226 1103 3304 Potesgrene
1111 3245 1168 3304 qne
1180 3230 1225 3287 est
1235 3226 1338 3303 prioris

240 3311 270 3367 et
283 3311 442 3367 convontus
456 3306 492 3367 de
506 3307 588 3367 Bello
601 3308 678 3367 Loco
692 3309 861 3377 auctoritate
875 3308 991 3375 concilii
1003 3308 1136 3369 ordinata
1155 3308 1287 3368 consistit
1305 3306 1338 3366 in

239 3388 464 3547 tropeosgirtaevrggro
492 3392 521 3448 et
544 3389 577 3449 in
607 3389 727 3449 decimis
760 3389 936 3449 omnimodis
962 3389 1127 3449 tenenciam
1153 3389 1280 3449 Abbatis
1305 3388 1338 3447 in

300 3640 593 3695 TtLLESWORTHE.
619 3630 736 3691 Vicoria
758 3632 791 3691 in
817 3630 937 3691 ecclesia
962 3629 999 3691 de
1024 3630 1194 3693 lillesword
1214 3650 1271 3710 qne
1294 3635 1339 3691 est

240 3712 375 3791 priorisse
388 3717 417 3772 et
430 3716 591 3773 conventus
603 3713 641 3772 de
653 3713 726 3773 cella
739 3711 840 3775 Sancti
853 3712 949 3791 spurt
963 3710 1084 3796 [btcakJ.

303 3884 436 3939 ΕΥΤΟΝ.
463 3874 579 3935 Viocric
589 3874 620 3934 in
631 3874 749 3937 eeclesia
759 3874 795 3935 de
803 3874 894 3936 Eiton
906 3893 964 3952 qne
973 3878 1018 3935 est
1026 3875 1130 3952 prioris
1138 3879 1170 3935 ct
1178 3878 1340 3936 conventus
1459 3932 1464 3939 .

241 3956 278 4015 ds
291 3956 408 4015 Merton
422 3950 542 4035 [blachi
602 3958 604 3963 “

724 4034 788 4119 [Fe.
806 4034 858 4116 7⁸].

304 4155 499 4212 ΗοοΗτοΝ,
525 4141 641 4202 Vinaria
660 4144 693 4203 in
713 4142 832 4203 ecclesis
850 4143 888 4202 de
907 4143 1047 4203 Hochton
1066 4162 1124 4221 que
1143 4147 1188 4203 est
1215 4142 1341 4203 Abbatis

242 4228 272 4283 et
290 4228 451 4283 conventus
479 4223 509 4283 S.
531 4224 640 4283 Albani
666 4223 818 4284 exdudum
837 4223 970 4284 ordincte
994 4224 1128 4285 consistit
1146 4224 1180 4283 in
1205 4223 1341 4283 omnibns

242 4305 471 4366 obventionibus
480 4304 577 4365 altaris
586 4310 616 4363 et
623 4304 745 4365 minutis
753 4304 882 4366 decimis.
908 4304 1341 4365 Etsnstinebitvicsriusomnia

243 4405 329 4446 onero
341 4389 445 4526 picto}
448 4384 611 4463 hospicium
625 4385 831 4447 Archidinooni
843 4386 924 4463 qnod
934 4386 1007 4446 dicti
1019 4386 1120 4446 Abbos
1133 4389 1164 4445 et
1178 4388 1340 4445 conventas
1372 4425 1374 4429 ,

243 4485 362 4545 procura
382 4484 424 4526 un
