3192 5367
304 558 348 624 98
609 510 625 570 Ἰ
700 572 806 627 LIBER
826 572 1005 639 sumanus

304 724 411 787 dam
423 741 476 783 sua
486 740 575 801 quarn
588 720 677 783 habet
689 721 722 783 iu
734 722 854 783 ecclesia
873 726 1029 783 memorata
1048 726 1078 784 et
1097 742 1195 785 annue
1208 725 1297 785 unica
1309 742 1404 785 marce
1534 798 1538 803 Ι

304 806 443 885 pensione
452 822 541 882 quam
549 803 628 863 idem
638 802 773 881 Nigellus
783 804 862 864 dicto
873 804 984 883 Rogare
994 803 1115 866 reddere
1124 806 1273 867 consuevit
1283 805 1404 865 cedente

304 890 337 947 in
347 886 581 964 supplementum
590 884 757 945 defectuum
767 885 884 945 ecclesie
894 886 1057 963 supradicte
1066 886 1130 963 ipsc
1143 887 1173 946 N
1175 887 1261 964 igello
1273 888 1401 948 vivente.

305 968 347 1029 Et
365 972 431 1045 post
449 966 598 1027 decessum
618 966 748 1043 ejusdem
767 966 880 1043 Nigelli
902 967 935 1026 in
955 973 1142 1043 augmentum
1161 968 1268 1029 vicarie
1287 969 1404 1028 ecclesie

306 1052 461 1107 memorate
492 1048 707 1125 imperpetuum
739 1048 892 1124 assignata
946 1046 1043 1107 Iidem
1075 1053 1172 1108 antem
1200 1049 1341 1110 Canonici
1367 1048 1404 1107 de

305 1128 450 1207 Dunstap’
483 1148 558 1189 onus
591 1128 716 1206 hospicii
748 1128 955 1189 Aruhidiabcni
987 1128 1183 1189 sustinebunt.
1242 1129 1338 1190 Salvis
1371 1130 1404 1189 in

306 1210 442 1269 omnibus
455 1208 507 1270 dvc.
551 1208 639 1286 Quod
658 1214 692 1269 ut
711 1213 880 1288 perpetuam
901 1211 947 1271 oc.
989 1210 1125 1271 Testibus
1144 1210 1257 1272 etDct’
1271 1216 1404 1289 utsupra

307 1291 536 1370 cartaproxima

366 1452 811 1522 amawdeccclectcdeh'et
829 1451 911 1513 Wilc’.

368 1533 512 1596 Omnibus
535 1533 588 1594 &a
629 1533 754 1593 Noverit
776 1533 951 1594 universitas
973 1538 1070 1595 vestra
1092 1552 1147 1594 nos
1172 1533 1209 1593 de
1232 1552 1351 1593 assensu
1375 1538 1405 1594 et

308 1614 459 1675 voluntate
485 1614 656 1675 dilectomm
681 1614 715 1674 in
737 1613 855 1675 Christo
882 1614 937 1674 filii
959 1615 1065 1693 Rogeri
1088 1615 1201 1675 Decani
1224 1620 1254 1675 et
1274 1614 1406 1693 Capituli

307 1696 401 1757 nostri
422 1694 506 1755 Liuc'
526 1695 641 1755 dedisse
663 1699 694 1755 et
717 1696 889 1755 concessisse
915 1696 1028 1756 dilectis
1054 1697 1087 1755 in
1111 1696 1229 1758 Christo
1253 1696 1349 1755 Priori
1374 1700 1406 1755 et

307 1776 488 1837 Monialibus
500 1775 538 1837 de
550 1775 727 1837 Chihsesnd’
740 1795 830 1835 unam
849 1794 974 1837 mercam
994 1778 1105 1855 argenti
1118 1778 1155 1837 de
1168 1776 1288 1837 ecclesia
1301 1777 1338 1835 de
1351 1776 1405 1837 Est

307 1857 404 1919 Wich'
414 1862 482 1935 post
494 1858 643 1917 decessum
652 1857 775 1917 Roberti
784 1858 922 1918 Dunelm'
931 1859 1026 1918 clerici
1040 1859 1088 1918 cui
1100 1858 1220 1919 eandem
1236 1858 1406 1918 auctoritate

307 1938 423 2000 concilii
441 1938 506 1998 Lst'
525 1939 702 1998 contulimus
721 1958 772 2016 per
791 1958 894 1998 manus
913 1958 1012 2000 eorum
1031 1940 1083 2017 qui
1103 1940 1141 1999 od
1159 1940 1406 2017 prasentacioncm

307 2020 452 2080 dictorum
476 2015 533 2101 [so.
563 2016 631 2101 30⁶]
657 2019 767 2079 Prioris
793 2024 823 2079 et
849 2018 1025 2079 Monialium
1051 2040 1103 2098 pro
1129 2025 1258 2097 tempore
1285 2039 1406 2096 persone

306 2101 417 2161 inerint
442 2099 476 2159 in
501 2098 620 2161 ccclesia
646 2100 758 2178 prelata
786 2101 939 2161 annuatim
972 2100 1089 2161 nomine
1114 2101 1248 2180 perpetui
1273 2101 1407 2161 beneficii

307 2180 529 2260 percipiendam.
572 2180 690 2241 Scilicet
709 2182 748 2241 ad
766 2181 875 2241 festum
893 2180 923 2243 S.
939 2182 1091 2243 Michaelis
1111 2182 1261 2242 dimidiam
1281 2201 1406 2241 marcam

307 2267 337 2322 et
350 2261 540 2322 adPascham
553 2261 702 2322 dimidiam
717 2280 851 2325 mercem.
887 2262 983 2325 Salvis
996 2264 1028 2324 iu
1042 2264 1177 2324 omnibus
1187 2264 1239 2324 dcc.
1274 2262 1362 2339 Quod
1372 2267 1407 2323 nt

307 2348 477 2423 perpetuam
488 2342 541 2405 dvc.
582 2344 717 2405 Testibns
730 2348 762 2403 at
774 2343 844 2405 Dat'
857 2348 991 2423 utsupra
1004 2348 1083 2405 carta
1095 2345 1235 2423 proxime.

368 2502 552 2557 WROKEST
550 2501 611 2556 ΑΝ.

367 2568 522 2630 Universis
536 2567 592 2629 &a
628 2566 754 2628 Noverit
768 2568 943 2629 universitas
961 2572 1058 2629 vestra
1077 2568 1156 2645 quod
1169 2587 1224 2628 nos
1238 2568 1275 2628 de
1288 2586 1406 2629 amaneu

307 2654 337 2709 et
356 2651 509 2711 voluntate
521 2650 627 2727 Rogati
639 2649 753 2709 Decani
772 2654 803 2709 et
816 2649 947 2727 Capituli
966 2652 1059 2709 nostri
1078 2650 1160 2709 Linc'
1174 2650 1285 2710 Locm
1303 2650 1406 2709 funda·

307 2731 399 2791 cionis
412 2732 556 2809 prioratus
567 2731 626 2790 loci
639 2729 669 2792 S.
685 2730 778 2791 Maria
791 2730 829 2791 de
842 2729 1026 2791 Wrokestarr’
1045 2750 1112 2791 corn
1131 2731 1248 2809 capitali
1260 2732 1406 2808 mesuagio

306 2818 337 2872 et
359 2817 423 2872 tota
444 2813 524 2871 curia
547 2816 578 2871 et
600 2811 735 2889 virgultis
758 2816 788 2871 et
811 2812 930 2872 vivariis
952 2810 1084 2889 ejsudem
1108 2812 1179 2871 ville
1202 2817 1232 2872 et
1253 2831 1319 2872 cum
1341 2818 1405 2871 toto

306 2892 451 2953 dominico
465 2900 525 2953 tarn
537 2893 571 2952 in
583 2893 658 2971 egris
671 2892 801 2952 colendis
814 2910 903 2969 quam
915 2893 1005 2970 pratis
1018 2897 1049 2952 et
1061 2894 1175 2971 pascuis
1189 2912 1245 2971 que
1258 2893 1406 2970 pertinent

306 2974 345 3032 ad
358 2974 516 3050 predictam
529 2973 686 3033 ecclesiam
725 2972 959 3033 Advooacioncm
978 2974 1069 3033 eciam
1089 2974 1207 3033 ecclesie
1221 2974 1406 3051 parrochialis

306 3054 435 3131 predicte
447 3055 518 3114 ville
537 3054 575 3114 de
595 3053 779 3113 Wrokostan'
799 3073 857 3131 que
877 3053 975 3114 omnio
994 3054 1118 3115 dilectus
1137 3055 1170 3113 in
1190 3054 1307 3115 Christo
1327 3056 1405 3115 filius

307 3135 446 3212 Magister
458 3135 586 3196 Michsel
599 3134 683 3194 Belet
701 3133 841 3194 fundator
859 3134 965 3212 prefati
984 3136 1127 3213 prioratus
1146 3136 1201 3195 deo
1221 3141 1251 3195 et
1267 3136 1297 3196 S.
1313 3136 1406 3195 Maria

306 3220 337 3275 et
350 3216 505 3277 Canonicis
518 3217 629 3276 ibidem
649 3214 703 3275 deo
722 3215 915 3275 servientibus
935 3220 966 3277 et
984 3217 1197 3295 imperpetuum
1211 3217 1360 3277 servituris
1373 3218 1406 3275 in

305 3296 426 3357 liberam
439 3316 541 3375 puram
554 3302 585 3357 et
597 3301 765 3374 perpetuam
784 3297 971 3357 elemosinam
991 3297 1116 3357 contulit
1129 3298 1227 3374 quieta
1240 3316 1356 3375 prorsus
1369 3298 1406 3356 ab

306 3378 387 3438 omni
400 3379 521 3438 seculari
533 3379 654 3439 servicio
668 3382 699 3437 et
712 3379 870 3438 exactione.
915 3378 1022 3437 Omnia
1035 3378 1126 3437 eciam
1136 3384 1226 3438 terras
1235 3378 1367 3438 redditus
1377 3382 1407 3439 et

306 3462 474 3519 tenemento
484 3459 518 3518 in
529 3464 629 3519 nostra
641 3459 749 3518 diocesi
768 3477 825 3537 que
838 3478 856 3519 a
868 3458 998 3537 predicto
1012 3460 1153 3537 Magistro
1166 3460 1310 3519 Michaele
1323 3459 1406 3519 lect

305 3540 354 3600 vel
363 3559 381 3600 a
392 3541 614 3617 quibuscunque
623 3540 688 3599 aliis
698 3540 848 3600 datoribus
862 3546 893 3600 et
905 3539 1153 3601 confirmatoribus
1164 3540 1251 3600 dictis
1261 3540 1407 3600 Prioratui

306 3625 337 3680 et
350 3620 506 3682 Canonicie
518 3626 588 3680 sunt
601 3621 634 3679 in
643 3620 765 3680 liberam
774 3640 878 3699 puram
888 3626 917 3682 at
927 3626 1096 3700 perpetuam
1106 3621 1293 3681 elemosinam
1301 3621 1407 3680 collate

307 3701 417 3761 eisdem
429 3702 586 3763 Canonicie
598 3702 674 3763 sicut
689 3703 771 3779 juste
791 3707 821 3762 et
840 3702 1055 3763 racionabiliter
1073 3702 1188 3780 abipso
1202 3702 1345 3763 Michaele
1358 3702 1406 3762 vel

306 3782 345 3841 ab
370 3782 435 3841 aliis
461 3787 496 3842 ut
522 3782 635 3843 dictum
660 3788 705 3843 est
730 3801 865 3843 concessa
890 3789 960 3843 sunt
987 3788 1016 3843 et
1043 3782 1210 3844 confirmata
1236 3784 1406 3843 anctoritate

211 3933 213 3938 ¹
306 3862 679 3939 episcopaliconfirmemus
720 3862 1061 3931 Salvisinomnibusdrc
1101 3864 1408 3943 Quedutperpctuam

306 3945 353 4005 bc
389 3944 532 4008 festibus
544 3949 575 4003 et
587 3943 657 4004 Dct'
670 3948 706 4004 ut
718 3963 805 4023 supra
818 3950 895 4006 cama
908 3950 1010 4023 quarte
1022 3945 1060 4005 ab
1072 3945 1135 4005 ista

369 4143 565 4199 ΒεηεΗεΒΥ
579 4130 684 4190 dimid’
696 4129 793 4192 morc'.

366 4210 521 4271 Univerais
540 4211 592 4272 dvc.
634 4211 758 4272 Noverit
780 4212 955 4273 universitas
977 4216 1075 4273 vestre
1097 4231 1151 4273 nos
1175 4213 1213 4274 de
1235 4230 1354 4273 assensn
1377 4222 1407 4272 ct

117 4274 124 4285 ⁵
194 4250 199 4255 Ι
307 4292 458 4352 voluntate
472 4291 643 4353 dilectorum
655 4292 781 4353 filiorum
791 4294 899 4372 Rogeri
909 4293 1021 4355 Decani
1034 4299 1063 4354 et
1077 4293 1207 4371 Capituli
1220 4294 1312 4353 nostui
1324 4294 1406 4353 Lino'

306 4390 421 4432 necnon
446 4377 476 4432 et
503 4374 540 4433 da
573 4393 715 4436 consensu
742 4374 864 4437 Roberti
891 4376 979 4437 Baret
1006 4380 1035 4435 et
1063 4375 1204 4437 Katsrinc
1231 4375 1329 4435 uxoris
1347 4393 1407 4435 sue
