3192 5367
601 564 760 622 nueoms
781 565 907 623 WELIS.
1261 548 1304 619 89

207 716 286 779 curis
299 720 329 776 et
342 735 408 776 cum
421 714 534 793 virgata
545 719 620 775 terre
629 719 660 775 et
671 715 794 775 dimidie
806 715 844 775 ad
855 715 963 776 dictam
976 715 1124 775 ecclesiam
1137 718 1306 794 pertinenti·

207 800 262 859 tus
287 798 422 857 similiter
448 816 515 857 cum
541 801 617 856 terra
642 815 731 874 quam
758 796 900 858 Ricmdns
927 797 1057 858 Mauirss
1081 799 1178 857 tenuit
1197 800 1234 859 de
1254 801 1304 861 W.

206 879 354 957 quondam
377 896 499 955 persona
521 878 599 938 dicta
621 878 746 937 ecclesie.
788 878 931 939 Canonici
954 897 1022 939 vcro
1044 878 1197 939 habebunt
1219 881 1305 941 aliam

207 961 316 1019 curiam
338 960 458 1019 ecclcaie
482 978 550 1019 curn
576 958 721 1035 macagio
748 959 837 1019 unius
863 960 933 1019 rode
959 965 1033 1019 terre
1060 960 1139 1038 quod
1158 960 1247 1039 Hugo
1269 962 1305 1023 de

208 1041 312 1102 Cravl'
337 1041 435 1101 tenuit
459 1044 491 1099 et
520 1040 554 1099 in
585 1041 881 1117 recompensacionem
914 1040 1045 1119 altamgii
1071 1044 1102 1099 et
1128 1040 1305 1103 minutarum
1367 1061 1370 1069 ‘

207 1122 383 1182 decimarum
406 1126 437 1181 et
458 1126 534 1181 terre
557 1124 587 1180 et
611 1120 688 1179 curie
711 1120 749 1180 ad
768 1138 903 1197 personas
919 1120 1131 1199 pertinencium
1146 1124 1307 1201 percipient

206 1203 265 1280 ipsi
284 1202 415 1262 canonici
435 1202 560 1261 decimas
579 1200 732 1279 garbarum
751 1201 789 1261 de
812 1207 875 1262 tcto
895 1202 980 1262 feodo
995 1202 1117 1263 Roberti
1136 1202 1173 1262 de
1194 1204 1307 1282 Saucey

207 1283 287 1360 quod
296 1283 537 1362 habetinerelc.
573 1281 683 1341 Omnes
692 1287 791 1343 autem
801 1283 926 1345 decimae
936 1281 1307 1361 garbarumsdpredictam

207 1364 356 1423 ecclesiam
365 1364 544 1441 pertinentes
552 1368 648 1441 preter
657 1382 746 1440 qnam
756 1364 881 1424 decimas
890 1365 1034 1442 predictas
1044 1364 1080 1425 de
1089 1366 1175 1424 feodo
1186 1366 1308 1427 Roberti

207 1444 245 1505 da
265 1445 386 1523 Sawcey
405 1445 484 1523 quod
506 1445 597 1505 habet
616 1445 650 1504 in
669 1444 765 1505 erele
787 1446 910 1523 predicti
933 1447 1012 1523 prior
1037 1450 1068 1505 et
1091 1451 1253 1507 conventus
1277 1453 1307 1508 et

207 1544 330 1603 persona
352 1532 383 1586 et
404 1544 578 1586 successores
601 1526 647 1585 sui
669 1524 748 1584 intc'r
769 1545 801 1585 ae
822 1526 908 1603 plene
921 1530 951 1586 et
963 1526 1088 1587 fideliter
1100 1527 1305 1589 dimidiabunt.

208 1607 248 1665 In
273 1626 361 1685 super
386 1626 558 1686 quecunque
584 1606 719 1683 deinceps
745 1607 895 1684 adquirere
920 1612 1059 1686 poterunt
1084 1613 1232 1685 tamquam
1256 1610 1307 1686 jus

208 1692 239 1747 et
263 1688 455 1765 pertinencias
478 1688 595 1748 ecclesia
617 1693 772 1748 memorate
796 1690 873 1748 inter
896 1708 927 1749 se
950 1688 1084 1749 similiter
1109 1689 1304 1753 dimidiantes

207 1768 257 1829 De
283 1769 418 1829 oneribus
444 1788 512 1831 vero
535 1768 612 1829 dicte
636 1769 754 1829 ecclesia
776 1770 819 1829 ita
843 1771 991 1847 provisum
1014 1775 1059 1830 est
1085 1770 1164 1848 quod
1187 1790 1309 1849 persone

208 1850 368 1910 successive
389 1851 423 1909 in
446 1870 481 1910 aa
502 1850 683 1910 instituenda
704 1854 764 1910 tres
787 1850 895 1911 solidos
916 1868 1028 1911 annuos
1049 1869 1102 1929 pro
1129 1852 1308 1913 sinodalibus

209 1930 332 1991 solvent
376 1930 479 1992 Cetera
490 1948 560 1991 vcro
574 1931 1309 2009 oneratamarchidiaconaliaquamaliaaddictam

209 2011 358 2072 ecclesiam
369 2013 533 2089 mactanda
545 2012 619 2072 dicti
632 2012 773 2074 Canonici
786 2017 817 2073 et
829 2030 950 2090 persone
963 2014 1104 2091 equaliter
1113 2015 1307 2077 sustinebunt.

210 2091 308 2153 salva
319 2094 354 2153 in
366 2092 504 2153 omnibus
515 2093 566 2154 due.
609 2092 650 2153 Et
668 2098 704 2153 nt
723 2094 777 2154 hec
797 2100 897 2155 nostra
917 2096 1063 2156 concessio
1081 2094 1132 2155 duc.
1174 2096 1310 2157 Testibus

210 2177 241 2233 et
253 2173 323 2234 Dat’
336 2179 371 2235 ut
384 2194 472 2253 supra
484 2179 562 2235 carta
574 2174 714 2251 proxime.

272 2350 314 2403 tic
329 2348 445 2405 ΜΑΒΟ·
458 2336 495 2397 dc
507 2336 624 2397 edem
637 2336 673 2396 dc
691 2336 956 2413 Ocmuodcttcrp'.
1043 2384 1044 2387 ι

272 2415 427 2476 Universis
440 2416 491 2478 dac
527 2418 652 2477 Noverit
663 2418 839 2478 universitas
851 2422 947 2479 vestra
959 2436 1013 2478 nos
1026 2418 1063 2478 de
1072 2438 1191 2480 aesenm
1204 2420 1311 2500 Rogeri

212 2496 325 2557 Decani
348 2501 378 2556 et
401 2497 532 2582 Capituli
554 2498 648 2559 nostri
667 2498 750 2558 Linc’
763 2499 864 2559 divine
883 2500 1002 2576 piatatis
1021 2500 1133 2560 intuitu
1146 2501 1260 2569 dedisse
1280 2507 1310 2563 et
1361 2538 1363 2541 -

211 2577 384 2638 concessisse
412 2578 527 2639 dilectis
551 2580 586 2639 in
612 2578 729 2642 Christo
757 2580 874 2639 filiabus
907 2580 1046 2641 Priorisse
1079 2587 1109 2640 et
1142 2582 1309 2643 Conventui

212 2658 387 2719 Monialium
400 2659 438 2719 de
450 2660 647 2738 Alvingeham
659 2660 771 2721 ordinis
783 2661 821 2720 de
843 2660 1067 2739 Sempingeham
1079 2666 1137 2721 tres
1151 2682 1260 2723 marcae
1273 2665 1310 2724 de

213 2740 332 2799 ccclesia
352 2739 392 2799 dc
414 2740 653 2819 Germnndthorp
674 2747 743 2820 post
763 2742 912 2802 decmsum
935 2742 1035 2803 dilecti
1057 2742 1090 2802 in
1119 2742 1237 2804 Christo
1256 2745 1312 2805 filii

212 2820 332 2881 Radulfi
358 2820 396 2880 de
421 2822 573 2882 Warevill'
598 2840 719 2899 persone
745 2822 826 2883 illins
852 2823 970 2883 ecclesie
995 2842 1052 2900 que
1078 2823 1116 2884 de
1142 2844 1240 2885 earum
1267 2830 1312 2887 est

212 2902 405 2961 advocacione
427 2904 581 2963 aunuatim
603 2904 722 2963 nomine
747 2905 881 2981 perpetui
908 2904 945 2963 ad
971 2904 1130 2981 pitanciam
1156 2907 1313 2967 earundem

214 2983 389 3042 Monialium
401 2984 600 3061 percipiendas
613 2984 646 3043 in
658 2984 733 3044 festo
746 2985 777 3047 S.
793 2985 947 3045 Michaelis
960 3004 1012 3063 per
1030 3005 1134 3046 manus
1156 2988 1247 3065 ipsius
1261 2990 1313 3065 qui

213 3082 267 3140 pro
280 3069 409 3141 tempere
422 3064 511 3125 inerit
519 3066 675 3125 institutus
686 3066 720 3125 in
733 3066 842 3125 eadem.
875 3067 971 3127 Salvis
984 3066 1017 3126 in
1030 3068 1165 3127 omnibus
1179 3068 1230 3130 &a
1272 3070 1313 3131 Et

214 3150 248 3204 ut
268 3144 322 3205 hec
341 3146 486 3205 concessio
504 3151 605 3206 nostra
623 3146 675 3207 duc.
717 3146 853 3207 Testibus
872 3148 985 3225 Rogare
1005 3148 1124 3209 Decano
1145 3154 1174 3209 et
1193 3150 1259 3210 aliis
1278 3156 1313 3211 ut
1399 3150 1401 3159 ’

213 3242 302 3302 supra
313 3226 347 3285 in
359 3230 437 3285 carta
450 3228 652 3287 canonicorum
665 3227 703 3287 de
716 3228 902 3289 Huntindon’
916 3247 1002 3305 super
1021 3230 1176 3291 medietate
1195 3230 1312 3293 ecclesie

215 3306 252 3365 de
273 3304 355 3367 Stek'
375 3309 504 3385 exceptis
523 3308 571 3367 his
590 3308 626 3368 R.
641 3307 824 3385 Norhampt',
846 3315 876 3369 et
895 3308 925 3369 J.
947 3309 1041 3370 Oxon’
1055 3310 1104 3371 W.
1119 3311 1211 3371 Bnclr’
1225 3316 1254 3373 et
1274 3313 1310 3373 R.

215 3386 363 3446 Huntind’
386 3387 604 3466 archidiaconis,
625 3394 656 3449 et
676 3389 798 3466 adjectis
821 3390 850 3451 J.
873 3390 911 3450 dc
933 3389 1030 3465 Ebur,
1049 3392 1082 3451 P.
1109 3392 1145 3451 de
1167 3392 1261 3469 Bath’,
1283 3399 1313 3454 et

215 3468 357 3546 Magistro
370 3468 418 3530 W.
431 3469 468 3529 de
481 3470 572 3531 Linc’.
607 3469 677 3531 Dat'
684 3490 737 3548 per
747 3490 852 3531 manus
865 3471 914 3531 W.
926 3471 963 3531 de
975 3471 1094 3532 Ternac’
1108 3474 1314 3535 Archidiaconi

215 3548 313 3691 Smtpppp
326 3548 405 3627 apud
415 3550 500 3646 irinc’
518 3552 552 3612 in
571 3552 699 3631 capitulo
718 3552 851 3612 Lincoln'
871 3553 945 3631 xviij
959 3552 1018 3613 kat
1040 3554 1061 3615 J
1062 3554 1115 3632 ulij
1129 3556 1315 3633 pontificatus

214 3648 237 3690 n
320 3649 398 3692 anno
412 3640 467 3692 1¹⁰.

689 3710 753 3795 [Fe.
769 3711 843 3797 288]Ι

277 3814 422 3877 Omnibus
442 3816 555 3877 Christi
573 3817 710 3878 fidelibus
731 3818 782 3881 duc.
814 3819 938 3880 Noverit
958 3820 1133 3882 universitas
1153 3826 1248 3883 vestra
1261 3822 1325 3885 dte.-

215 3900 250 3957 ut
263 3916 351 3976 supra
363 3898 396 3958 in
408 3904 487 3958 carta
495 3900 595 3976 vicarij
610 3899 647 3959 dc
656 3900 787 3960 Amemc
801 3920 892 3979 usque
904 3906 995 3961 ratam
1009 3903 1149 3964 habentes
1163 3909 1192 3965 et
1204 3910 1316 3983 gratam

216 3978 253 4038 de
273 3998 391 4039 assensu
410 3980 517 4057 Rogeri
536 3979 649 4039 Decani
669 3985 699 4040 et
719 3980 851 4059 Capituli
866 3984 959 4042 nostri
972 3983 1053 4045 Linc’
1067 4004 1131 4044 eam
1144 3986 1314 4047 auctoritate

217 4060 373 4137 episcopali
395 4061 627 4121 confirmavimus
654 4067 683 4121 ct
706 4064 834 4139 presenti
857 4070 933 4123 carte
956 4065 1085 4142 sigillum
1104 4072 1236 4127 nostrum
1256 4086 1315 4127 una

216 4158 282 4199 cum
306 4141 402 4220 sigillo
425 4142 548 4219 predicti
573 4142 702 4220 Capituli
725 4146 819 4203 nostri
839 4143 920 4203 Linc’
942 4145 1080 4206 duximus
1100 4148 1313 4225 apponendum.

217 4220 313 4281 Salvis
332 4223 365 4280 iu
385 4222 521 4282 omnibus
541 4222 592 4285 duc.
635 4224 770 4283 Testibus
789 4226 902 4303 Rogare
923 4226 1049 4300 Decumo,
1073 4226 1109 4287 G.
1135 4230 1315 4304 Precentore,

218 4301 330 4379 Rogero
344 4303 532 4378 Cancellauio,
548 4304 587 4365 H.
600 4305 638 4366 de
650 4304 680 4365 S.
692 4305 846 4379 Eduardo,
861 4306 1009 4383 Magistris
1023 4308 1071 4367 W.
1086 4309 1126 4368 fil’
1139 4309 1220 4369 Fulc’
1234 4316 1264 4370 ot
1278 4311 1314 4371 Α

217 4382 255 4442 de
269 4382 299 4443 S.
314 4383 480 4458 Edmundo,
496 4384 531 4444 P..
547 4384 585 4445 de
597 4386 735 4463 Bristoll’,
749 4392 779 4447 et
792 4388 857 4447 aliie
871 4392 904 4447 ut
917 4390 949 4447 in
969 4388 1099 4467 predicta
1118 4396 1195 4451 carta
1214 4392 1314 4471 vicarij

218 4464 349 4543 predicti,
363 4471 393 4525 ct
409 4465 478 4526 Dat’
491 4466 599 4527 cadem
