3192 5367
688 508 793 563 mene
813 506 992 572 eumenus

762 658 813 717 Fe.
832 658 904 719 23⁸.

451 760 681 863 mintium
710 652 896 833 ordonensi
913 776 943 831 et
962 770 1187 833 constituciones
1205 772 1379 851 pensionum

282 865 354 927 viris
390 864 529 943 religiosis
549 864 625 923 moto
647 868 777 941 ternpore
803 863 916 924 domini
942 862 1078 941 Hugom's
1100 865 1221 925 secundi
1245 866 1378 925 Linooln’

271 944 415 1025 episcopi,
430 964 490 1006 unc
501 964 568 1005 cum
580 944 756 1022 quibusdam
768 944 1039 1005 conlirmseionibus
1054 944 1140 1006 ιιιιιι
1152 965 1204 1024 per
1213 966 1279 1007 eum
1292 964 1379 1025 super

281 1026 567 1106 oppropriscionibns
592 1030 623 1086 et
648 1025 910 1087 constitucionibus
935 1027 1109 1105 pensionum
1123 1027 1233 1089 habitis
1251 1028 1289 1088 de
1308 1033 1379 1089 tem-

281 1108 400 1187 poribus
413 1107 595 1187 quorundum
607 1106 840 1184 predecessorum
853 1126 978 1168 snorum.
981 1107 1001 1145 ι

575 1210 831 1264 ἰιιιιιιιιιιιιιι
836 1211 1090 1255 manasserus.

340 1356 602 1414 ΟΟΝΗΗΜΑΟΙΟ
624 1344 841 1421 composicionis
859 1344 933 1405 inite
958 1342 1036 1405 inter
1053 1347 1152 1406 sancte
1170 1344 1378 1406 recordacionis

282 1426 439 1505 Hugonem
450 1424 532 1485 Linc'
546 1426 713 1505 episcopum
725 1430 756 1485 et
771 1425 946 1505 Magistrum
966 1426 1076 1487 ordinis
1095 1425 1133 1486 de
1153 1425 1378 1507 Sempingehsm

280 1527 368 1587 super
379 1506 507 1567 eeclesiis
519 1506 557 1568 de
569 1506 736 1583 Northton',
746 1505 907 1567 Murthton’
920 1511 950 1567 et
963 1506 1121 1568 Neweton'.

340 1613 495 1676 Umversrs
506 1612 535 1675 S
547 1612 653 1674 Matris
665 1612 783 1673 ecclesie
793 1612 865 1673 filiis
877 1610 929 1673 &c
965 1612 1088 1674 Noverit
1100 1613 1274 1675 universitas
1282 1617 1379 1675 vestre

280 1694 392 1773 qnod
382 1696 564 1773 inspeximus
585 1694 825 1772 composicionem
846 1713 932 1772 super
950 1694 1284 1755 ecelesiisdeNorthon’
1298 1695 1379 1756 etde

282 1776 430 1837 Merthon'
440 1780 471 1835 ιι
481 1775 803 1836 deNevvetonefsotem
812 1776 890 1835 inter
898 1780 997 1835 sancte
1005 1776 1212 1837 recordacionis
1222 1775 1379 1855 Hugonem

280 1858 509 1936 predecessorem
530 1862 662 1917 nostrum
684 1862 716 1917 et
734 1854 896 1935 oepitulum
915 1856 1048 1917 Linooln’
1061 1876 1099 1917 ιιι
1118 1876 1177 1917 une
1196 1863 1277 1935 perte
1296 1858 1376 1918 etR.

282 1938 457 2015 Magistrum
466 1937 577 1998 ordinis
586 1938 623 1998 de
633 1938 858 2034 Sempipgeham
868 1942 897 1997 et
910 1938 1062 1998 cenonioos
1074 1938 1236 2018 Hospitalis
1246 1938 1379 1999 Linooln'

282 2036 322 2079 ex
333 2019 398 2081 alis.
439 2018 504 2079 Nos
517 2019 607 2096 igitur
626 2038 698 2093 som,
712 2019 788 2079 siout
807 2018 1020 2079 recionebiliter
1039 2020 1116 2080 fecte
1135 2024 1219 2081 estet
1232 2021 1378 2080 autentico

281 2099 389 2179 scripto
401 2099 596 2177 predictorum
607 2100 746 2179 Episcopi
758 2105 788 2160 et
801 2098 932 2177 Capituli
947 2100 1078 2161 Lineoln'
1098 2102 1273 2175 confirmete,
1287 2106 1380 2161 retem

282 2185 313 2241 et
338 2185 450 2258 gmtsm
474 2180 624 2254 hebentes,
651 2181 777 2258 prefetos
803 2182 956 2242 omonicos
982 2182 1115 2241 misimus
1140 2182 1174 2241 in
1203 2182 1379 2277 corporalem

280 2261 763 2421 rums,
781 2262 974 2406 ιιι
990 2262 1380 2421 {desumus

282 2422 438 2498 Northon',
451 2424 485 2484 ln
497 2442 556 2501 que
571 2443 608 2483 ex
628 2423 787 2484 doneoione
807 2420 842 2485 R.
858 2423 896 2484 de
909 2424 1074 2497 Cheineto†
1085 2424 1233 2502 quondum
1246 2424 1379 2485 Linooln

281 2505 420 2584 Episcopi
445 2510 476 2565 ιι
502 2504 633 2599 Gepitsli
658 2505 783 2582 predicti
808 2506 937 2583 prefatus
969 2506 1005 2565 R
1034 2507 1170 2583 megister
1197 2505 1308 2567 ordinis
1341 2505 1378 2566 de

281 2585 507 2665 Sernpingehnrn
519 2592 550 2646 et
562 2587 641 2664 prior
653 2592 871 2664 conventusque
890 2585 1018 2664 predicte
1038 2587 1142 2648 domus
1155 2586 1340 2665 Hospitelis
1326 2606 1377 2664 Jus

281 2668 340 2728 sibi
365 2667 597 2741 vendicsverent,
625 2668 674 2727 cui
699 2667 837 2729 videlicet
858 2668 922 2745 juri
953 2668 1043 2727 iidem
1075 2669 1212 2745 magister
1243 2668 1321 2746 prior
1347 2672 1378 2729 et

282 2753 443 2810 conventus
461 2754 566 2827 sponte
574 2748 818 2810 renunciaverunt
834 2750 867 2809 in
876 2749 1035 2809 donecione
1045 2752 1075 2808 et
1084 2748 1268 2810 ordinacione
1280 2754 1379 2809 nostre

282 2834 314 2890 ιι
325 2845 521 2890 successorum
533 2834 706 2905 nostrorum,
720 2830 796 2891 siout
815 2829 849 2890 in
868 2830 969 2890 eedem
982 2830 1191 2907 composicione
1204 2832 1377 2905 continetur,

279 2910 371 2971 libero
383 2916 523 2989 perpetuo
530 2916 724 2988 permanente.
759 2910 839 2971 Huic
852 2914 951 2971 eutem
964 2910 1167 2989 composicioni
1181 2910 1217 2971 G.
1232 2930 1377 2972 successor

280 2992 388 3069 prefsti
400 2992 436 3053 n
448 2997 479 3053 et
490 2992 627 3071 megistos
638 2991 749 3053 ordinis
761 2992 798 3051 de
812 2991 1035 3070 Sempingehem
1048 2992 1201 3052 consensit.
1236 2992 1275 3051 ln
1287 2992 1377 3069 huius

280 3073 323 3133 rei
335 3074 424 3133 robur
442 3078 473 3133 ιι
491 3073 691 3133 testimonium
703 3073 832 3151 presenti
843 3073 951 3151 scripto
964 3073 1092 3150 sig'llum
1104 3079 1237 3133 nostrum
1256 3092 1377 3151 opposu-

280 3153 365 3216 imus.
408 3154 477 3215 Hiis
499 3154 624 3215 testibus
646 3154 759 3232 Rogero
781 3154 899 3229 deceno,
915 3154 1046 3215 Gelfrido
1069 3159 1244 3232 precentore,
1264 3155 1376 3231 Rogero

279 3234 458 3310 corcellano,
472 3234 609 3295 Johenne
621 3234 796 3309 subdecano,
816 3234 942 3312 Hugone
962 3236 999 3295 de
1018 3234 1049 3297 S.
1071 3234 1224 3311 Eduardo,
1238 3234 1321 3297 Will
1336 3235 1377 3296 fil·

279 3314 371 3391 Fnle’,
385 3316 547 3395 Reginnldo
557 3317 594 3376 de
604 3315 705 3392 Cestr’,
715 3316 847 3377 Wsltero
860 3316 897 3375 de
906 3316 1004 3392 Well',
1015 3316 1142 3376 cunonic'
1154 3316 1236 3377 Lino’
1250 3318 1375 3395 ecclesie,

279 3396 408 3457 Roberto
421 3397 578 3475 ospellsno,
595 3397 724 3459 Roberto
737 3396 775 3457 de
784 3396 909 3474 Greuel',
922 3397 1011 3458 Petro
1024 3396 1062 3457 de
1074 3396 1326 3473 Wileton',-Petro
1339 3399 1376 3458 de

278 3476 413 3551 Bethon',
427 3483 458 3539 et
471 3478 605 3554 Ricsrdo,
619 3478 739 3555 clericis,
752 3483 783 3539 et
795 3478 897 3539 multis
910 3478 982 3541 eliis.
1017 3476 1087 3539 Det’
1100 3479 1180 3557 spud
1192 3478 1374 3539 Lincolniem

278 3558 327 3635 ιιιο
350 3557 409 3619 kel'
431 3560 534 3637 Mercij
558 3579 611 3637 per
628 3578 749 3621 menum
762 3559 812 3622 W.
828 3560 866 3622 de
884 3559 1025 3621 Tomeoh'
1048 3559 1244 3623 erchidineoni
1266 3560 1374 3637 Stovve,

277 3638 470 3701 Pontificotm
480 3642 575 3702 nostri
586 3660 664 3701 enno
678 3642 790 3719 quinto.

641 3746 883 3798 ιιιιιιιιιοιιιιιι,
890 3746 1008 3789 uss-uss

276 3956 308 4017 H
338 3888 490 4036 petregio
500 3892 546 3945 ιι
557 3878 593 3938 de
605 3878 722 3939 moesia
739 3878 776 3939 dc
797 3878 911 3957 Opford
923 3896 1056 3941 concesse
1073 3878 1164 3958 priori
1176 3881 1374 3943 etconventoi

308 3958 394 4018 untin
435 3958 482 4018 on'

334 4039 490 4101 Universis
510 4039 622 4102 Christi
640 4039 776 4104 fidelibus
795 4038 848 4103 ιιι.
880 4039 1005 4102 Noverit
1017 4040 1190 4103 universitas
1202 4026 1299 4103 vestre
1318 4062 1372 4105 nos

274 4120 312 4180 de
325 4139 443 4181 assensu
456 4120 612 4182 Willielmi
624 4120 709 4200 Decy
721 4122 838 4200 petroni
851 4122 968 4183 ecclesie
982 4122 1018 4184 de
1032 4123 1144 4201 Opford
1158 4126 1329 4185 concessisse
1342 4129 1372 4185 et

273 4202 401 4279 presenti
423 4206 502 4263 certe
523 4208 623 4263 nostre
642 4204 823 4265 confirmasse
842 4204 956 4265 dilectis
975 4204 1009 4264 in
1029 4204 1147 4265 Christo
1159 4206 1228 4265 filiis
1241 4206 1331 4285 priori
1343 4210 1374 4265 et

274 4284 420 4344 cononicis
433 4284 464 4345 S.
485 4284 579 4347 Merie
598 4284 776 4352 Hunte’don'
796 4286 830 4344 in
849 4303 955 4363 purum
974 4290 1004 4345 ιι
1016 4290 1188 4365 perpetuum
1201 4286 1373 4347 beneficium

272 4365 490 4443 quinquagenta
522 4366 630 4426 solidos
654 4366 701 4426 'de
734 4366 835 4427 eedem
868 4365 987 4427 ecclesie
1019 4366 1056 4427 de
1083 4366 1195 4445 Opford
1221 4368 1372 4429 eunuetim
