<?xml version="1.0" encoding="UTF-8"?>
<!DOCTYPE html PUBLIC "-//W3C//DTD XHTML 1.0 Transitional//EN"
    "http://www.w3.org/TR/xhtml1/DTD/xhtml1-transitional.dtd">
<html xmlns="http://www.w3.org/1999/xhtml" xml:lang="en" lang="en">
 <head>
  <title>
</title>
<meta http-equiv="Content-Type" content="text/html;charset=utf-8" />
  <meta name='ocr-system' content='tesseract 3.04.00' />
  <meta name='ocr-capabilities' content='ocr_page ocr_carea ocr_par ocr_line ocrx_word'/>
</head>
<body>
  <div class='ocr_page' id='page_1' title='image "./liberantiquusde00wgoog_0034.png"; bbox 0 0 3192 5367; ppageno 0'>
   <div class='ocr_carea' id='block_1_1' title="bbox 658 534 960 602">
    <p class='ocr_par' dir='ltr' id='par_1_1' title="bbox 658 534 960 602">
     <span class='ocr_line' id='line_1_1' title="bbox 658 534 960 602; baseline 0 -13"><span class='ocrx_word' id='word_1_1' title='bbox 658 534 762 589; x_wconf 78' lang='lat' dir='ltr'><strong>unua</strong></span> <span class='ocrx_word' id='word_1_2' title='bbox 782 534 960 602; x_wconf 71' lang='lat' dir='ltr'>AMIWUB</span> 
     </span>
    </p>
   </div>
   <div class='ocr_carea' id='block_1_2' title="bbox 675 827 937 973">
    <p class='ocr_par' dir='ltr' id='par_1_2' title="bbox 675 827 937 973">
     <span class='ocr_line' id='line_1_2' title="bbox 675 827 937 973; baseline -0.015 -32"><span class='ocrx_word' id='word_1_3' title='bbox 675 827 937 973; x_wconf 66' lang='lat' dir='ltr'><strong>poseo.</strong></span> 
     </span>
    </p>
   </div>
   <div class='ocr_carea' id='block_1_3' title="bbox 746 993 893 1079">
    <p class='ocr_par' dir='ltr' id='par_1_3' title="bbox 746 993 893 1079">
     <span class='ocr_line' id='line_1_3' title="bbox 746 993 893 1079; baseline -0.007 0"><span class='ocrx_word' id='word_1_4' title='bbox 746 994 816 1079; x_wconf 69' lang='lat' dir='ltr'><strong>[u</strong></span> <span class='ocrx_word' id='word_1_5' title='bbox 835 993 893 1078; x_wconf 76' lang='lat' dir='ltr'><strong>o]</strong></span> 
     </span>
    </p>
   </div>
   <div class='ocr_carea' id='block_1_4' title="bbox 262 1104 1364 1833">
    <p class='ocr_par' dir='ltr' id='par_1_4' title="bbox 262 1104 1364 1833">
     <span class='ocr_line' id='line_1_4' title="bbox 325 1104 1363 1183; baseline -0.004 -14"><span class='ocrx_word' id='word_1_6' title='bbox 325 1114 506 1170; x_wconf 72' lang='grc' dir='ltr'><strong>ΗΑΘΕΝΕΘ.</strong></span> <span class='ocrx_word' id='word_1_7' title='bbox 533 1105 650 1167; x_wconf 69' lang='lat' dir='ltr'><strong>mara</strong></span> <span class='ocrx_word' id='word_1_8' title='bbox 669 1104 702 1165; x_wconf 88' lang='lat' dir='ltr'><strong>in</strong></span> <span class='ocrx_word' id='word_1_9' title='bbox 721 1104 841 1167; x_wconf 84' lang='lat' dir='ltr'><strong>eodesia</strong></span> <span class='ocrx_word' id='word_1_10' title='bbox 860 1104 898 1164; x_wconf 85' lang='lat' dir='ltr'><strong>de</strong></span> <span class='ocrx_word' id='word_1_11' title='bbox 911 1104 1048 1183; x_wconf 77' lang='lat' dir='ltr'><strong>Hagenes</strong></span> <span class='ocrx_word' id='word_1_12' title='bbox 1068 1122 1125 1183; x_wconf 85' lang='lat' dir='ltr'><strong>qne</strong></span> <span class='ocrx_word' id='word_1_13' title='bbox 1146 1109 1191 1164; x_wconf 89' lang='lat' dir='ltr'><strong>est</strong></span> <span class='ocrx_word' id='word_1_14' title='bbox 1210 1104 1314 1182; x_wconf 82' lang='lat' dir='ltr'><strong>prioris</strong></span> <span class='ocrx_word' id='word_1_15' title='bbox 1332 1109 1363 1165; x_wconf 88' lang='lat' dir='ltr'><strong>et</strong></span> 
     </span>
     <span class='ocr_line' id='line_1_5' title="bbox 263 1184 1362 1248; baseline -0.003 0"><span class='ocrx_word' id='word_1_16' title='bbox 263 1186 433 1248; x_wconf 87' lang='lat' dir='ltr'><strong>monialium</strong></span> <span class='ocrx_word' id='word_1_17' title='bbox 454 1186 491 1245; x_wconf 85' lang='lat' dir='ltr'><strong>de</strong></span> <span class='ocrx_word' id='word_1_18' title='bbox 511 1185 696 1247; x_wconf 84' lang='lat' dir='ltr'><strong>Ghikessand</strong></span> <span class='ocrx_word' id='word_1_19' title='bbox 715 1187 886 1246; x_wconf 82' lang='lat' dir='ltr'><strong>auctoritate</strong></span> <span class='ocrx_word' id='word_1_20' title='bbox 906 1184 1023 1244; x_wconf 87' lang='lat' dir='ltr'><strong>concilii</strong></span> <span class='ocrx_word' id='word_1_21' title='bbox 1035 1186 1169 1246; x_wconf 84' lang='lat' dir='ltr'><strong>ordinata</strong></span> <span class='ocrx_word' id='word_1_22' title='bbox 1181 1190 1226 1245; x_wconf 95' lang='lat' dir='ltr'><strong>est</strong></span> <span class='ocrx_word' id='word_1_23' title='bbox 1238 1187 1271 1246; x_wconf 89' lang='lat' dir='ltr'><strong>in</strong></span> <span class='ocrx_word' id='word_1_24' title='bbox 1283 1186 1362 1245; x_wconf 89' lang='lat' dir='ltr'><strong>hunc</strong></span> 
     </span>
     <span class='ocr_line' id='line_1_6' title="bbox 263 1266 1363 1345; baseline -0.001 -16"><span class='ocrx_word' id='word_1_25' title='bbox 263 1267 390 1329; x_wconf 87' lang='lat' dir='ltr'><strong>modum.</strong></span> <span class='ocrx_word' id='word_1_26' title='bbox 412 1266 802 1329; x_wconf 79' lang='lat' dir='ltr'><strong>Vicasiushabebitnomine</strong></span> <span class='ocrx_word' id='word_1_27' title='bbox 810 1266 916 1327; x_wconf 82' lang='lat' dir='ltr'><strong>vicarie</strong></span> <span class='ocrx_word' id='word_1_28' title='bbox 925 1284 977 1325; x_wconf 90' lang='lat' dir='ltr'><strong>soe</strong></span> <span class='ocrx_word' id='word_1_29' title='bbox 984 1270 1082 1327; x_wconf 86' lang='lat' dir='ltr'><strong>totum</strong></span> <span class='ocrx_word' id='word_1_30' title='bbox 1090 1266 1261 1345; x_wconf 72' lang='lat' dir='ltr'><strong>sltnmgium</strong></span> <span class='ocrx_word' id='word_1_31' title='bbox 1268 1271 1363 1345; x_wconf 82' lang='lat' dir='ltr'><strong>prater</strong></span> 
     </span>
     <span class='ocr_line' id='line_1_7' title="bbox 263 1346 1363 1427; baseline -0.001 -18"><span class='ocrx_word' id='word_1_32' title='bbox 263 1348 357 1409; x_wconf 90' lang='lat' dir='ltr'><strong>linum</strong></span> <span class='ocrx_word' id='word_1_33' title='bbox 377 1347 525 1409; x_wconf 84' lang='lat' dir='ltr'><strong>reddendo</strong></span> <span class='ocrx_word' id='word_1_34' title='bbox 544 1350 615 1409; x_wconf 89' lang='lat' dir='ltr'><strong>inde</strong></span> <span class='ocrx_word' id='word_1_35' title='bbox 638 1350 727 1427; x_wconf 85' lang='lat' dir='ltr'>priori</span> <span class='ocrx_word' id='word_1_36' title='bbox 749 1348 880 1426; x_wconf 82' lang='lat' dir='ltr'><strong>predicto</strong></span> <span class='ocrx_word' id='word_1_37' title='bbox 900 1366 943 1407; x_wconf 84' lang='lat' dir='ltr'><strong>xv</strong></span> <span class='ocrx_word' id='word_1_38' title='bbox 963 1346 1079 1407; x_wconf 88' lang='lat' dir='ltr'><strong>solidos</strong></span> <span class='ocrx_word' id='word_1_39' title='bbox 1123 1348 1253 1407; x_wconf 87' lang='lat' dir='ltr'><strong>Habebit</strong></span> <span class='ocrx_word' id='word_1_40' title='bbox 1273 1348 1363 1409; x_wconf 88' lang='lat' dir='ltr'><strong>eciam</strong></span> 
     </span>
     <span class='ocr_line' id='line_1_8' title="bbox 262 1428 1363 1493; baseline -0.002 -2"><span class='ocrx_word' id='word_1_41' title='bbox 262 1430 391 1491; x_wconf 88' lang='lat' dir='ltr'><strong>minutas</strong></span> <span class='ocrx_word' id='word_1_42' title='bbox 403 1429 529 1489; x_wconf 85' lang='lat' dir='ltr'><strong>decimes</strong></span> <span class='ocrx_word' id='word_1_43' title='bbox 548 1430 586 1490; x_wconf 89' lang='lat' dir='ltr'><strong>de</strong></span> <span class='ocrx_word' id='word_1_44' title='bbox 605 1430 752 1490; x_wconf 87' lang='lat' dir='ltr'><strong>dominico</strong></span> <span class='ocrx_word' id='word_1_45' title='bbox 772 1429 884 1489; x_wconf 87' lang='lat' dir='ltr'><strong>domini</strong></span> <span class='ocrx_word' id='word_1_46' title='bbox 903 1428 974 1489; x_wconf 80' lang='lat' dir='ltr'><strong>ville</strong></span> <span class='ocrx_word' id='word_1_47' title='bbox 993 1428 1128 1488; x_wconf 81' lang='lat' dir='ltr'><strong>similiter</strong></span> <span class='ocrx_word' id='word_1_48' title='bbox 1146 1448 1213 1489; x_wconf 89' lang='lat' dir='ltr'><strong>cum</strong></span> <span class='ocrx_word' id='word_1_49' title='bbox 1226 1429 1363 1493; x_wconf 87' lang='lat' dir='ltr'><strong>omnibus</strong></span> 
     </span>
     <span class='ocr_line' id='line_1_9' title="bbox 263 1509 1363 1589; baseline -0.002 -18"><span class='ocrx_word' id='word_1_50' title='bbox 263 1511 329 1571; x_wconf 86' lang='lat' dir='ltr'><strong>aliis</strong></span> <span class='ocrx_word' id='word_1_51' title='bbox 342 1512 464 1571; x_wconf 87' lang='lat' dir='ltr'><strong>minutis</strong></span> <span class='ocrx_word' id='word_1_52' title='bbox 478 1509 598 1576; x_wconf 89' lang='lat' dir='ltr'><strong>decimis</strong></span> <span class='ocrx_word' id='word_1_53' title='bbox 616 1511 708 1571; x_wconf 86' lang='lat' dir='ltr'><strong>totius</strong></span> <span class='ocrx_word' id='word_1_54' title='bbox 727 1510 863 1589; x_wconf 80' lang='lat' dir='ltr'><strong>parochie</strong></span> <span class='ocrx_word' id='word_1_55' title='bbox 882 1514 912 1569; x_wconf 92' lang='lat' dir='ltr'><strong>et</strong></span> <span class='ocrx_word' id='word_1_56' title='bbox 931 1510 1057 1569; x_wconf 84' lang='lat' dir='ltr'><strong>decimae</strong></span> <span class='ocrx_word' id='word_1_57' title='bbox 1077 1509 1115 1570; x_wconf 90' lang='lat' dir='ltr'><strong>de</strong></span> <span class='ocrx_word' id='word_1_58' title='bbox 1126 1510 1271 1589; x_wconf 75' lang='lat' dir='ltr'><strong>pannagio</strong></span> <span class='ocrx_word' id='word_1_59' title='bbox 1284 1516 1314 1570; x_wconf 93' lang='lat' dir='ltr'><strong>et</strong></span> <span class='ocrx_word' id='word_1_60' title='bbox 1326 1510 1363 1571; x_wconf 92' lang='lat' dir='ltr'><strong>de</strong></span> 
     </span>
     <span class='ocr_line' id='line_1_10' title="bbox 262 1590 1364 1670; baseline -0.002 -17"><span class='ocrx_word' id='word_1_61' title='bbox 262 1610 349 1669; x_wconf 76' lang='lat' dir='ltr'><strong>pesco</strong></span> <span class='ocrx_word' id='word_1_62' title='bbox 361 1594 454 1670; x_wconf 87' lang='lat' dir='ltr'><strong>ipsius</strong></span> <span class='ocrx_word' id='word_1_63' title='bbox 468 1591 588 1653; x_wconf 89' lang='lat' dir='ltr'><strong>domini.</strong></span> <span class='ocrx_word' id='word_1_64' title='bbox 630 1592 713 1653; x_wconf 79' lang='lat' dir='ltr'><strong>PrIor</strong></span> <span class='ocrx_word' id='word_1_65' title='bbox 732 1590 1016 1669; x_wconf 82' lang='lat' dir='ltr'><strong>autemprovidebit</strong></span> <span class='ocrx_word' id='word_1_66' title='bbox 1035 1590 1115 1651; x_wconf 87' lang='lat' dir='ltr'><strong>dioto</strong></span> <span class='ocrx_word' id='word_1_67' title='bbox 1133 1591 1241 1651; x_wconf 80' lang='lat' dir='ltr'><strong>vicario</strong></span> <span class='ocrx_word' id='word_1_68' title='bbox 1254 1592 1364 1652; x_wconf 74' lang='lat' dir='ltr'><strong>toftum</strong></span> 
     </span>
     <span class='ocr_line' id='line_1_11' title="bbox 263 1672 1363 1752; baseline -0.001 -19"><span class='ocrx_word' id='word_1_69' title='bbox 263 1678 294 1734; x_wconf 89' lang='lat' dir='ltr'><strong>et</strong></span> <span class='ocrx_word' id='word_1_70' title='bbox 313 1676 412 1733; x_wconf 87' lang='lat' dir='ltr'><strong>omnia</strong></span> <span class='ocrx_word' id='word_1_71' title='bbox 432 1692 520 1733; x_wconf 86' lang='lat' dir='ltr'><strong>onera</strong></span> <span class='ocrx_word' id='word_1_72' title='bbox 542 1674 634 1752; x_wconf 87' lang='lat' dir='ltr'><strong>ipsius</strong></span> <span class='ocrx_word' id='word_1_73' title='bbox 657 1672 776 1733; x_wconf 86' lang='lat' dir='ltr'><strong>ecclesie</strong></span> <span class='ocrx_word' id='word_1_74' title='bbox 798 1672 963 1732; x_wconf 84' lang='lat' dir='ltr'><strong>sustinebit</strong></span> <span class='ocrx_word' id='word_1_75' title='bbox 1006 1672 1046 1731; x_wconf 83' lang='lat' dir='ltr'><strong>Et</strong></span> <span class='ocrx_word' id='word_1_76' title='bbox 1068 1672 1148 1733; x_wconf 83' lang='lat' dir='ltr'><strong>valet</strong></span> <span class='ocrx_word' id='word_1_77' title='bbox 1166 1672 1275 1733; x_wconf 82' lang='lat' dir='ltr'><strong>vicaria</strong></span> <span class='ocrx_word' id='word_1_78' title='bbox 1291 1673 1363 1750; x_wconf 67' lang='lat' dir='ltr'><strong>iiijet</strong></span> 
     </span>
     <span class='ocr_line' id='line_1_12' title="bbox 263 1754 738 1833; baseline -0.002 -18"><span class='ocrx_word' id='word_1_79' title='bbox 263 1755 349 1815; x_wconf 82' lang='lat' dir='ltr'><strong>meso’</strong></span> <span class='ocrx_word' id='word_1_80' title='bbox 362 1754 443 1816; x_wconf 85' lang='lat' dir='ltr'><strong>totel&#39;</strong></span> <span class='ocrx_word' id='word_1_81' title='bbox 457 1754 576 1815; x_wconf 80' lang='lat' dir='ltr'><strong>ecciesia</strong></span> <span class='ocrx_word' id='word_1_82' title='bbox 588 1756 630 1833; x_wconf 85' lang='lat' dir='ltr'><strong>xij</strong></span> <span class='ocrx_word' id='word_1_83' title='bbox 646 1754 738 1821; x_wconf 78' lang='lat' dir='ltr'><strong>meru’.</strong></span> 
     </span>
    </p>
   </div>
   <div class='ocr_carea' id='block_1_5' title="bbox 263 1913 1364 2480">
    <p class='ocr_par' dir='ltr' id='par_1_5' title="bbox 263 1913 1364 2480">
     <span class='ocr_line' id='line_1_13' title="bbox 326 1913 1364 1993; baseline -0.003 -15"><span class='ocrx_word' id='word_1_84' title='bbox 326 1923 480 1978; x_wconf 74' lang='grc' dir='ltr'><strong>ΡΡιΙΠΕ</strong></span> <span class='ocrx_word' id='word_1_85' title='bbox 508 1915 625 1975; x_wconf 71' lang='lat' dir='ltr'><strong>Vicetia</strong></span> <span class='ocrx_word' id='word_1_86' title='bbox 633 1916 666 1975; x_wconf 88' lang='lat' dir='ltr'><strong>in</strong></span> <span class='ocrx_word' id='word_1_87' title='bbox 677 1915 794 1975; x_wconf 84' lang='lat' dir='ltr'><strong>eeclesia</strong></span> <span class='ocrx_word' id='word_1_88' title='bbox 803 1914 840 1974; x_wconf 92' lang='lat' dir='ltr'><strong>de</strong></span> <span class='ocrx_word' id='word_1_89' title='bbox 847 1914 939 1974; x_wconf 84' lang='lat' dir='ltr'><strong>Flitte</strong></span> <span class='ocrx_word' id='word_1_90' title='bbox 949 1934 1015 1975; x_wconf 88' lang='lat' dir='ltr'><strong>cum</strong></span> <span class='ocrx_word' id='word_1_91' title='bbox 1026 1914 1136 1993; x_wconf 81' lang='lat' dir='ltr'><strong>capella</strong></span> <span class='ocrx_word' id='word_1_92' title='bbox 1144 1913 1182 1974; x_wconf 90' lang='lat' dir='ltr'><strong>de</strong></span> <span class='ocrx_word' id='word_1_93' title='bbox 1190 1914 1364 1976; x_wconf 83' lang='lat' dir='ltr'><strong>Suiuelesho</strong></span> 
     </span>
     <span class='ocr_line' id='line_1_14' title="bbox 264 1994 1364 2073; baseline 0.001 -18"><span class='ocrx_word' id='word_1_94' title='bbox 264 2014 321 2073; x_wconf 89' lang='lat' dir='ltr'><strong>qne</strong></span> <span class='ocrx_word' id='word_1_95' title='bbox 334 2001 378 2055; x_wconf 87' lang='lat' dir='ltr'><strong>est</strong></span> <span class='ocrx_word' id='word_1_96' title='bbox 393 1994 538 2055; x_wconf 88' lang='lat' dir='ltr'><strong>abbatisse</strong></span> <span class='ocrx_word' id='word_1_97' title='bbox 558 2002 589 2055; x_wconf 92' lang='lat' dir='ltr'><strong>ct</strong></span> <span class='ocrx_word' id='word_1_98' title='bbox 611 1996 782 2055; x_wconf 85' lang='lat' dir='ltr'><strong>monielinm</strong></span> <span class='ocrx_word' id='word_1_99' title='bbox 805 1996 842 2055; x_wconf 94' lang='lat' dir='ltr'><strong>de</strong></span> <span class='ocrx_word' id='word_1_100' title='bbox 862 1996 1039 2056; x_wconf 83' lang='lat' dir='ltr'><strong>Aunestowe</strong></span> <span class='ocrx_word' id='word_1_101' title='bbox 1058 1997 1228 2056; x_wconf 84' lang='lat' dir='ltr'><strong>auctoritate</strong></span> <span class='ocrx_word' id='word_1_102' title='bbox 1247 1997 1364 2057; x_wconf 87' lang='lat' dir='ltr'><strong>concilii</strong></span> 
     </span>
     <span class='ocr_line' id='line_1_15' title="bbox 264 2075 1364 2138; baseline -0.001 -1"><span class='ocrx_word' id='word_1_103' title='bbox 264 2075 397 2137; x_wconf 79' lang='lat' dir='ltr'><strong>ordinato</strong></span> <span class='ocrx_word' id='word_1_104' title='bbox 409 2076 499 2137; x_wconf 90' lang='lat' dir='ltr'><strong>estin</strong></span> <span class='ocrx_word' id='word_1_105' title='bbox 512 2078 593 2137; x_wconf 87' lang='lat' dir='ltr'><strong>huno</strong></span> <span class='ocrx_word' id='word_1_106' title='bbox 606 2076 733 2138; x_wconf 89' lang='lat' dir='ltr'><strong>modum.</strong></span> <span class='ocrx_word' id='word_1_107' title='bbox 774 2076 910 2137; x_wconf 79' lang='lat' dir='ltr'><strong>Vicazius</strong></span> <span class='ocrx_word' id='word_1_108' title='bbox 929 2076 1051 2137; x_wconf 88' lang='lat' dir='ltr'><strong>habebit</strong></span> <span class='ocrx_word' id='word_1_109' title='bbox 1062 2078 1180 2137; x_wconf 90' lang='lat' dir='ltr'><strong>nomine</strong></span> <span class='ocrx_word' id='word_1_110' title='bbox 1192 2078 1300 2138; x_wconf 70' lang='lat' dir='ltr'><strong>cicade</strong></span> <span class='ocrx_word' id='word_1_111' title='bbox 1312 2096 1364 2137; x_wconf 84' lang='lat' dir='ltr'><strong>sue</strong></span> 
     </span>
     <span class='ocr_line' id='line_1_16' title="bbox 263 2157 1364 2236; baseline 0.001 -19"><span class='ocrx_word' id='word_1_112' title='bbox 263 2162 359 2217; x_wconf 88' lang='lat' dir='ltr'><strong>totum</strong></span> <span class='ocrx_word' id='word_1_113' title='bbox 373 2157 543 2235; x_wconf 81' lang='lat' dir='ltr'><strong>altaragium</strong></span> <span class='ocrx_word' id='word_1_114' title='bbox 556 2158 684 2218; x_wconf 87' lang='lat' dir='ltr'><strong>metricis</strong></span> <span class='ocrx_word' id='word_1_115' title='bbox 697 2158 815 2218; x_wconf 89' lang='lat' dir='ltr'><strong>ecclesie</strong></span> <span class='ocrx_word' id='word_1_116' title='bbox 829 2163 859 2218; x_wconf 89' lang='lat' dir='ltr'><strong>et</strong></span> <span class='ocrx_word' id='word_1_117' title='bbox 872 2158 981 2236; x_wconf 87' lang='lat' dir='ltr'><strong>capelle</strong></span> <span class='ocrx_word' id='word_1_118' title='bbox 994 2177 1060 2217; x_wconf 89' lang='lat' dir='ltr'><strong>oum</strong></span> <span class='ocrx_word' id='word_1_119' title='bbox 1074 2178 1175 2218; x_wconf 88' lang='lat' dir='ltr'><strong>menso</strong></span> <span class='ocrx_word' id='word_1_120' title='bbox 1187 2159 1364 2236; x_wconf 70' lang='lat' dir='ltr'><strong>competenti</strong></span> 
     </span>
     <span class='ocr_line' id='line_1_17' title="bbox 264 2238 1364 2318; baseline 0.001 -20"><span class='ocrx_word' id='word_1_121' title='bbox 264 2242 294 2298; x_wconf 87' lang='lat' dir='ltr'><strong>et</strong></span> <span class='ocrx_word' id='word_1_122' title='bbox 307 2257 366 2298; x_wconf 88' lang='lat' dir='ltr'><strong>une</strong></span> <span class='ocrx_word' id='word_1_123' title='bbox 379 2256 443 2297; x_wconf 85' lang='lat' dir='ltr'><strong>acra</strong></span> <span class='ocrx_word' id='word_1_124' title='bbox 462 2240 495 2299; x_wconf 92' lang='lat' dir='ltr'><strong>in</strong></span> <span class='ocrx_word' id='word_1_125' title='bbox 515 2258 575 2300; x_wconf 86' lang='lat' dir='ltr'><strong>uno</strong></span> <span class='ocrx_word' id='word_1_126' title='bbox 595 2258 696 2317; x_wconf 87' lang='lat' dir='ltr'><strong>campo</strong></span> <span class='ocrx_word' id='word_1_127' title='bbox 717 2244 746 2299; x_wconf 88' lang='lat' dir='ltr'><strong>et</strong></span> <span class='ocrx_word' id='word_1_128' title='bbox 769 2240 827 2299; x_wconf 85' lang='lat' dir='ltr'><strong>alia</strong></span> <span class='ocrx_word' id='word_1_129' title='bbox 850 2258 914 2299; x_wconf 84' lang='lat' dir='ltr'><strong>acro</strong></span> <span class='ocrx_word' id='word_1_130' title='bbox 933 2240 967 2299; x_wconf 90' lang='lat' dir='ltr'><strong>in</strong></span> <span class='ocrx_word' id='word_1_131' title='bbox 986 2238 1044 2299; x_wconf 87' lang='lat' dir='ltr'><strong>elio</strong></span> <span class='ocrx_word' id='word_1_132' title='bbox 1064 2258 1174 2318; x_wconf 86' lang='lat' dir='ltr'><strong>campo.</strong></span> <span class='ocrx_word' id='word_1_133' title='bbox 1216 2240 1257 2299; x_wconf 85' lang='lat' dir='ltr'><strong>Et</strong></span> <span class='ocrx_word' id='word_1_134' title='bbox 1270 2240 1364 2300; x_wconf 86' lang='lat' dir='ltr'><strong>solvet</strong></span> 
     </span>
     <span class='ocr_line' id='line_1_18' title="bbox 264 2320 1364 2398; baseline 0.001 -18"><span class='ocrx_word' id='word_1_135' title='bbox 264 2320 388 2380; x_wconf 81' lang='lat' dir='ltr'><strong>vicarius</strong></span> <span class='ocrx_word' id='word_1_136' title='bbox 412 2320 555 2381; x_wconf 73' lang='lat' dir='ltr'><strong>sinodalia</strong></span> <span class='ocrx_word' id='word_1_137' title='bbox 577 2324 694 2380; x_wconf 88' lang='lat' dir='ltr'><strong>tentum</strong></span> <span class='ocrx_word' id='word_1_138' title='bbox 717 2320 858 2380; x_wconf 84' lang='lat' dir='ltr'><strong>moniales</strong></span> <span class='ocrx_word' id='word_1_139' title='bbox 885 2338 953 2380; x_wconf 82' lang='lat' dir='ltr'><strong>vero</strong></span> <span class='ocrx_word' id='word_1_140' title='bbox 979 2320 1144 2398; x_wconf 75' lang='lat' dir='ltr'><strong>hospicium</strong></span> <span class='ocrx_word' id='word_1_141' title='bbox 1169 2320 1364 2382; x_wconf 82' lang='lat' dir='ltr'><strong>archidiaconi</strong></span> 
     </span>
     <span class='ocr_line' id='line_1_19' title="bbox 264 2401 1091 2480; baseline -0.001 -19"><span class='ocrx_word' id='word_1_142' title='bbox 264 2402 467 2480; x_wconf 81' lang='lat' dir='ltr'><strong>procurabunt</strong></span> <span class='ocrx_word' id='word_1_143' title='bbox 509 2402 550 2462; x_wconf 89' lang='lat' dir='ltr'><strong>Et</strong></span> <span class='ocrx_word' id='word_1_144' title='bbox 563 2407 633 2462; x_wconf 91' lang='lat' dir='ltr'><strong>sunt</strong></span> <span class='ocrx_word' id='word_1_145' title='bbox 645 2402 690 2462; x_wconf 91' lang='lat' dir='ltr'><strong>ibi</strong></span> <span class='ocrx_word' id='word_1_146' title='bbox 702 2402 855 2463; x_wconf 81' lang='lat' dir='ltr'><strong>necessarii</strong></span> <span class='ocrx_word' id='word_1_147' title='bbox 868 2401 928 2461; x_wconf 87' lang='lat' dir='ltr'><strong>dno</strong></span> <span class='ocrx_word' id='word_1_148' title='bbox 940 2402 1091 2479; x_wconf 84' lang='lat' dir='ltr'><strong>capellani</strong></span> 
     </span>
    </p>
   </div>
   <div class='ocr_carea' id='block_1_6' title="bbox 265 2562 1365 2727">
    <p class='ocr_par' dir='ltr' id='par_1_6' title="bbox 265 2562 1365 2727">
     <span class='ocr_line' id='line_1_20' title="bbox 324 2562 1365 2642; baseline -0.004 -13"><span class='ocrx_word' id='word_1_149' title='bbox 324 2574 491 2634; x_wconf 73' lang='lat' dir='ltr'><strong>WESTON.</strong></span> <span class='ocrx_word' id='word_1_150' title='bbox 518 2563 635 2625; x_wconf 76' lang='lat' dir='ltr'><strong>vicaria</strong></span> <span class='ocrx_word' id='word_1_151' title='bbox 660 2564 693 2624; x_wconf 89' lang='lat' dir='ltr'><strong>iu</strong></span> <span class='ocrx_word' id='word_1_152' title='bbox 720 2562 839 2625; x_wconf 83' lang='lat' dir='ltr'><strong>ecclesis</strong></span> <span class='ocrx_word' id='word_1_153' title='bbox 857 2562 895 2624; x_wconf 89' lang='lat' dir='ltr'><strong>de</strong></span> <span class='ocrx_word' id='word_1_154' title='bbox 914 2563 1039 2625; x_wconf 89' lang='lat' dir='ltr'><strong>Woston</strong></span> <span class='ocrx_word' id='word_1_155' title='bbox 1061 2582 1119 2642; x_wconf 88' lang='lat' dir='ltr'><strong>qne</strong></span> <span class='ocrx_word' id='word_1_156' title='bbox 1141 2567 1186 2625; x_wconf 88' lang='lat' dir='ltr'><strong>est</strong></span> <span class='ocrx_word' id='word_1_157' title='bbox 1208 2564 1365 2627; x_wconf 77' lang='lat' dir='ltr'><strong>earundem</strong></span> 
     </span>
     <span class='ocr_line' id='line_1_21' title="bbox 265 2642 773 2727; baseline 0.002 -23"><span class='ocrx_word' id='word_1_158' title='bbox 265 2644 410 2706; x_wconf 85' lang='lat' dir='ltr'><strong>abbatisse</strong></span> <span class='ocrx_word' id='word_1_159' title='bbox 422 2650 454 2705; x_wconf 91' lang='lat' dir='ltr'><strong>et</strong></span> <span class='ocrx_word' id='word_1_160' title='bbox 465 2645 636 2707; x_wconf 71' lang='lat' dir='ltr'><strong>monialium</strong></span> <span class='ocrx_word' id='word_1_161' title='bbox 652 2642 773 2727; x_wconf 59' lang='lat' dir='ltr'><strong>[tuot]</strong></span> 
     </span>
    </p>
   </div>
   <div class='ocr_carea' id='block_1_7' title="bbox 265 2806 1366 3434">
    <p class='ocr_par' dir='ltr' id='par_1_7' title="bbox 265 2806 1366 3434">
     <span class='ocr_line' id='line_1_22' title="bbox 327 2806 1365 2885; baseline -0.002 -16"><span class='ocrx_word' id='word_1_162' title='bbox 327 2816 611 2873; x_wconf 73' lang='grc' dir='ltr'>ΡυιιΟΚΕΘΗυΙ.</span> <span class='ocrx_word' id='word_1_163' title='bbox 637 2806 754 2867; x_wconf 77' lang='lat' dir='ltr'><strong>Vicetia</strong></span> <span class='ocrx_word' id='word_1_164' title='bbox 773 2807 807 2867; x_wconf 89' lang='lat' dir='ltr'><strong>in</strong></span> <span class='ocrx_word' id='word_1_165' title='bbox 826 2806 945 2866; x_wconf 85' lang='lat' dir='ltr'><strong>ecelesia</strong></span> <span class='ocrx_word' id='word_1_166' title='bbox 964 2807 1001 2866; x_wconf 94' lang='lat' dir='ltr'><strong>de</strong></span> <span class='ocrx_word' id='word_1_167' title='bbox 1020 2806 1225 2868; x_wconf 84' lang='lat' dir='ltr'><strong>Pullokcshnll</strong></span> <span class='ocrx_word' id='word_1_168' title='bbox 1243 2826 1302 2885; x_wconf 83' lang='lat' dir='ltr'><strong>qne</strong></span> <span class='ocrx_word' id='word_1_169' title='bbox 1320 2813 1365 2867; x_wconf 88' lang='lat' dir='ltr'><strong>ost</strong></span> 
     </span>
     <span class='ocr_line' id='line_1_23' title="bbox 265 2887 1365 2966; baseline 0.003 -20"><span class='ocrx_word' id='word_1_170' title='bbox 265 2887 369 2965; x_wconf 79' lang='lat' dir='ltr'><strong>prioris</strong></span> <span class='ocrx_word' id='word_1_171' title='bbox 379 2893 409 2947; x_wconf 87' lang='lat' dir='ltr'><strong>at</strong></span> <span class='ocrx_word' id='word_1_172' title='bbox 419 2894 579 2948; x_wconf 86' lang='lat' dir='ltr'><strong>conventus</strong></span> <span class='ocrx_word' id='word_1_173' title='bbox 587 2888 781 2966; x_wconf 85' lang='lat' dir='ltr'><strong>Dunestepell</strong></span> <span class='ocrx_word' id='word_1_174' title='bbox 789 2889 961 2948; x_wconf 87' lang='lat' dir='ltr'><strong>auctoritate</strong></span> <span class='ocrx_word' id='word_1_175' title='bbox 969 2888 1086 2948; x_wconf 87' lang='lat' dir='ltr'><strong>concilii</strong></span> <span class='ocrx_word' id='word_1_176' title='bbox 1093 2890 1226 2949; x_wconf 81' lang='lat' dir='ltr'><strong>ordinato</strong></span> <span class='ocrx_word' id='word_1_177' title='bbox 1232 2889 1365 2949; x_wconf 89' lang='lat' dir='ltr'><strong>consistit</strong></span> 
     </span>
     <span class='ocr_line' id='line_1_24' title="bbox 265 2969 1365 3047; baseline 0.002 -20"><span class='ocrx_word' id='word_1_178' title='bbox 265 2970 298 3027; x_wconf 93' lang='lat' dir='ltr'><strong>in</strong></span> <span class='ocrx_word' id='word_1_179' title='bbox 311 2973 373 3029; x_wconf 87' lang='lat' dir='ltr'><strong>toto</strong></span> <span class='ocrx_word' id='word_1_180' title='bbox 387 2969 523 3047; x_wconf 81' lang='lat' dir='ltr'><strong>altaragio</strong></span> <span class='ocrx_word' id='word_1_181' title='bbox 539 2970 619 3029; x_wconf 88' lang='lat' dir='ltr'><strong>illius</strong></span> <span class='ocrx_word' id='word_1_182' title='bbox 632 2969 749 3029; x_wconf 90' lang='lat' dir='ltr'><strong>ecclesie</strong></span> <span class='ocrx_word' id='word_1_183' title='bbox 769 2975 799 3030; x_wconf 87' lang='lat' dir='ltr'><strong>et</strong></span> <span class='ocrx_word' id='word_1_184' title='bbox 818 2970 852 3027; x_wconf 88' lang='lat' dir='ltr'><strong>in</strong></span> <span class='ocrx_word' id='word_1_185' title='bbox 871 2988 893 3028; x_wconf 87' lang='lat' dir='ltr'>x</span> <span class='ocrx_word' id='word_1_186' title='bbox 912 2970 986 3028; x_wconf 86' lang='lat' dir='ltr'><strong>aeris</strong></span> <span class='ocrx_word' id='word_1_187' title='bbox 1006 2974 1080 3029; x_wconf 87' lang='lat' dir='ltr'><strong>temo</strong></span> <span class='ocrx_word' id='word_1_188' title='bbox 1094 2975 1123 3029; x_wconf 88' lang='lat' dir='ltr'><strong>et</strong></span> <span class='ocrx_word' id='word_1_189' title='bbox 1136 2971 1170 3029; x_wconf 92' lang='lat' dir='ltr'><strong>in</strong></span> <span class='ocrx_word' id='word_1_190' title='bbox 1182 2972 1270 3030; x_wconf 88' lang='lat' dir='ltr'><strong>tercio</strong></span> <span class='ocrx_word' id='word_1_191' title='bbox 1283 2976 1365 3047; x_wconf 85' lang='lat' dir='ltr'><strong>perte</strong></span> 
     </span>
     <span class='ocr_line' id='line_1_25' title="bbox 267 3049 1365 3126; baseline 0.002 -17"><span class='ocrx_word' id='word_1_192' title='bbox 267 3049 377 3109; x_wconf 86' lang='lat' dir='ltr'><strong>decime</strong></span> <span class='ocrx_word' id='word_1_193' title='bbox 405 3050 557 3124; x_wconf 76' lang='lat' dir='ltr'><strong>garbarum</strong></span> <span class='ocrx_word' id='word_1_194' title='bbox 583 3051 674 3110; x_wconf 88' lang='lat' dir='ltr'><strong>totins</strong></span> <span class='ocrx_word' id='word_1_195' title='bbox 700 3050 770 3110; x_wconf 82' lang='lat' dir='ltr'><strong>ville</strong></span> <span class='ocrx_word' id='word_1_196' title='bbox 797 3055 894 3126; x_wconf 76' lang='lat' dir='ltr'><strong>preter</strong></span> <span class='ocrx_word' id='word_1_197' title='bbox 919 3069 1007 3126; x_wconf 90' lang='lat' dir='ltr'><strong>quam</strong></span> <span class='ocrx_word' id='word_1_198' title='bbox 1034 3050 1070 3110; x_wconf 90' lang='lat' dir='ltr'><strong>do</strong></span> <span class='ocrx_word' id='word_1_199' title='bbox 1096 3051 1181 3111; x_wconf 81' lang='lat' dir='ltr'><strong>feodo</strong></span> <span class='ocrx_word' id='word_1_200' title='bbox 1209 3051 1365 3111; x_wconf 82' lang='lat' dir='ltr'><strong>willielmi</strong></span> 
     </span>
     <span class='ocr_line' id='line_1_26' title="bbox 266 3128 1365 3207; baseline 0.002 -18"><span class='ocrx_word' id='word_1_201' title='bbox 266 3128 409 3189; x_wconf 70' lang='lat' dir='ltr'><strong>wicardi</strong></span> <span class='ocrx_word' id='word_1_202' title='bbox 422 3135 451 3189; x_wconf 90' lang='lat' dir='ltr'><strong>et</strong></span> <span class='ocrx_word' id='word_1_203' title='bbox 462 3130 583 3190; x_wconf 80' lang='lat' dir='ltr'><strong>Heniici</strong></span> <span class='ocrx_word' id='word_1_204' title='bbox 593 3131 739 3207; x_wconf 82' lang='lat' dir='ltr'><strong>Buignum</strong></span> <span class='ocrx_word' id='word_1_205' title='bbox 782 3130 824 3191; x_wconf 86' lang='lat' dir='ltr'><strong>Et</strong></span> <span class='ocrx_word' id='word_1_206' title='bbox 833 3129 928 3190; x_wconf 84' lang='lat' dir='ltr'><strong>solvet</strong></span> <span class='ocrx_word' id='word_1_207' title='bbox 940 3131 1065 3191; x_wconf 83' lang='lat' dir='ltr'><strong>vicarius</strong></span> <span class='ocrx_word' id='word_1_208' title='bbox 1078 3132 1221 3192; x_wconf 74' lang='lat' dir='ltr'><strong>sinodalia</strong></span> <span class='ocrx_word' id='word_1_209' title='bbox 1233 3132 1365 3192; x_wconf 85' lang='lat' dir='ltr'><strong>canonici</strong></span> 
     </span>
     <span class='ocr_line' id='line_1_27' title="bbox 267 3209 1366 3291; baseline 0.002 -20"><span class='ocrx_word' id='word_1_210' title='bbox 267 3229 336 3271; x_wconf 79' lang='lat' dir='ltr'><strong>vero</strong></span> <span class='ocrx_word' id='word_1_211' title='bbox 354 3209 518 3287; x_wconf 90' lang='lat' dir='ltr'><strong>hospicium</strong></span> <span class='ocrx_word' id='word_1_212' title='bbox 537 3212 744 3273; x_wconf 74' lang='lat' dir='ltr'><strong>Asohidioooni</strong></span> <span class='ocrx_word' id='word_1_213' title='bbox 762 3211 965 3290; x_wconf 82' lang='lat' dir='ltr'><strong>procurabunt</strong></span> <span class='ocrx_word' id='word_1_214' title='bbox 1018 3212 1143 3291; x_wconf 84' lang='lat' dir='ltr'><strong>Reliqua</strong></span> <span class='ocrx_word' id='word_1_215' title='bbox 1161 3219 1260 3273; x_wconf 86' lang='lat' dir='ltr'><strong>autem</strong></span> <span class='ocrx_word' id='word_1_216' title='bbox 1279 3232 1366 3273; x_wconf 84' lang='lat' dir='ltr'><strong>onera</strong></span> 
     </span>
     <span class='ocr_line' id='line_1_28' title="bbox 267 3291 1366 3431; baseline 0.003 -80"><span class='ocrx_word' id='word_1_217' title='bbox 267 3291 367 3351; x_wconf 86' lang='lat' dir='ltr'><strong>debite</strong></span> <span class='ocrx_word' id='word_1_218' title='bbox 378 3297 417 3431; x_wconf 52' lang='lat' dir='ltr'><strong>gt</strong></span> <span class='ocrx_word' id='word_1_219' title='bbox 438 3298 574 3353; x_wconf 90' lang='lat' dir='ltr'><strong>consuete</strong></span> <span class='ocrx_word' id='word_1_220' title='bbox 595 3298 657 3352; x_wconf 85' lang='lat' dir='ltr'><strong>tam</strong></span> <span class='ocrx_word' id='word_1_221' title='bbox 680 3294 812 3353; x_wconf 88' lang='lat' dir='ltr'><strong>canonici</strong></span> <span class='ocrx_word' id='word_1_222' title='bbox 833 3311 922 3372; x_wconf 89' lang='lat' dir='ltr'><strong>qnam</strong></span> <span class='ocrx_word' id='word_1_223' title='bbox 942 3293 1068 3353; x_wconf 80' lang='lat' dir='ltr'><strong>vicerim</strong></span> <span class='ocrx_word' id='word_1_224' title='bbox 1087 3313 1140 3372; x_wconf 84' lang='lat' dir='ltr'><strong>pro</strong></span> <span class='ocrx_word' id='word_1_225' title='bbox 1159 3296 1294 3372; x_wconf 85' lang='lat' dir='ltr'><strong>porcione</strong></span> <span class='ocrx_word' id='word_1_226' title='bbox 1313 3312 1366 3355; x_wconf 87' lang='lat' dir='ltr'><strong>sua</strong></span> 
     </span>
     <span class='ocr_line' id='line_1_29' title="bbox 267 3372 462 3434; baseline 0.005 -1"><span class='ocrx_word' id='word_1_227' title='bbox 267 3372 378 3433; x_wconf 85' lang='lat' dir='ltr'><strong>sustine</strong></span> <span class='ocrx_word' id='word_1_228' title='bbox 399 3378 462 3434; x_wconf 85' lang='lat' dir='ltr'><strong>unt</strong></span> 
     </span>
    </p>
   </div>
   <div class='ocr_carea' id='block_1_8' title="bbox 149 3532 1498 4019">
    <p class='ocr_par' dir='ltr' id='par_1_8' title="bbox 268 3532 1498 3936">
     <span class='ocr_line' id='line_1_30' title="bbox 327 3532 1366 3614; baseline -0.002 -16"><span class='ocrx_word' id='word_1_229' title='bbox 327 3542 529 3598; x_wconf 61' lang='lat' dir='ltr'><strong>samono.</strong></span> <span class='ocrx_word' id='word_1_230' title='bbox 556 3532 673 3597; x_wconf 81' lang='lat' dir='ltr'><strong>Vicaria</strong></span> <span class='ocrx_word' id='word_1_231' title='bbox 684 3535 717 3597; x_wconf 87' lang='lat' dir='ltr'><strong>in</strong></span> <span class='ocrx_word' id='word_1_232' title='bbox 737 3534 857 3597; x_wconf 83' lang='lat' dir='ltr'><strong>ecclesia</strong></span> <span class='ocrx_word' id='word_1_233' title='bbox 875 3535 912 3596; x_wconf 89' lang='lat' dir='ltr'><strong>de</strong></span> <span class='ocrx_word' id='word_1_234' title='bbox 927 3535 1059 3597; x_wconf 78' lang='lat' dir='ltr'><strong>Selefotd</strong></span> <span class='ocrx_word' id='word_1_235' title='bbox 1078 3555 1135 3614; x_wconf 87' lang='lat' dir='ltr'><strong>quc</strong></span> <span class='ocrx_word' id='word_1_236' title='bbox 1155 3540 1199 3595; x_wconf 92' lang='lat' dir='ltr'><strong>est</strong></span> <span class='ocrx_word' id='word_1_237' title='bbox 1217 3536 1322 3612; x_wconf 86' lang='lat' dir='ltr'><strong>prioris</strong></span> <span class='ocrx_word' id='word_1_238' title='bbox 1335 3540 1366 3596; x_wconf 81' lang='lat' dir='ltr'><strong>et</strong></span> 
     </span>
     <span class='ocr_line' id='line_1_31' title="bbox 270 3613 1367 3678; baseline 0.002 -3"><span class='ocrx_word' id='word_1_239' title='bbox 270 3613 1367 3678; x_wconf 83' lang='lat' dir='ltr'><strong>conventusdeNewenhamauctoritateoonciliiordinetaconsistitintoto</strong></span> 
     </span>
     <span class='ocr_line' id='line_1_32' title="bbox 268 3696 1366 3775; baseline 0.002 -20"><span class='ocrx_word' id='word_1_240' title='bbox 268 3696 405 3773; x_wconf 76' lang='lat' dir='ltr'><strong>aitemgio</strong></span> <span class='ocrx_word' id='word_1_241' title='bbox 418 3696 493 3756; x_wconf 89' lang='lat' dir='ltr'><strong>etin</strong></span> <span class='ocrx_word' id='word_1_242' title='bbox 506 3714 567 3756; x_wconf 88' lang='lat' dir='ltr'><strong>una</strong></span> <span class='ocrx_word' id='word_1_243' title='bbox 584 3698 697 3775; x_wconf 83' lang='lat' dir='ltr'><strong>virgata</strong></span> <span class='ocrx_word' id='word_1_244' title='bbox 715 3702 790 3759; x_wconf 80' lang='lat' dir='ltr'><strong>terre</strong></span> <span class='ocrx_word' id='word_1_245' title='bbox 810 3698 901 3758; x_wconf 85' lang='lat' dir='ltr'><strong>libere</strong></span> <span class='ocrx_word' id='word_1_246' title='bbox 920 3704 950 3758; x_wconf 90' lang='lat' dir='ltr'><strong>et</strong></span> <span class='ocrx_word' id='word_1_247' title='bbox 970 3700 1106 3758; x_wconf 89' lang='lat' dir='ltr'><strong>omnibns</strong></span> <span class='ocrx_word' id='word_1_248' title='bbox 1126 3698 1246 3758; x_wconf 76' lang='lat' dir='ltr'><strong>decimis</strong></span> <span class='ocrx_word' id='word_1_249' title='bbox 1258 3698 1320 3759; x_wconf 80' lang='lat' dir='ltr'><strong>feni</strong></span> <span class='ocrx_word' id='word_1_250' title='bbox 1335 3702 1366 3758; x_wconf 88' lang='lat' dir='ltr'><strong>et</strong></span> 
     </span>
     <span class='ocr_line' id='line_1_33' title="bbox 268 3777 1366 3857; baseline 0.002 -20"><span class='ocrx_word' id='word_1_251' title='bbox 268 3777 334 3837; x_wconf 88' lang='lat' dir='ltr'><strong>aliis</strong></span> <span class='ocrx_word' id='word_1_252' title='bbox 357 3777 466 3838; x_wconf 87' lang='lat' dir='ltr'><strong>dictam</strong></span> <span class='ocrx_word' id='word_1_253' title='bbox 489 3777 637 3837; x_wconf 88' lang='lat' dir='ltr'><strong>ecclesiam</strong></span> <span class='ocrx_word' id='word_1_254' title='bbox 660 3779 896 3856; x_wconf 84' lang='lat' dir='ltr'><strong>contingentibus</strong></span> <span class='ocrx_word' id='word_1_255' title='bbox 918 3784 1014 3857; x_wconf 82' lang='lat' dir='ltr'><strong>preter</strong></span> <span class='ocrx_word' id='word_1_256' title='bbox 1035 3780 1137 3856; x_wconf 78' lang='lat' dir='ltr'><strong>gerbas</strong></span> <span class='ocrx_word' id='word_1_257' title='bbox 1161 3784 1191 3838; x_wconf 94' lang='lat' dir='ltr'><strong>et</strong></span> <span class='ocrx_word' id='word_1_258' title='bbox 1213 3781 1247 3839; x_wconf 90' lang='lat' dir='ltr'><strong>in</strong></span> <span class='ocrx_word' id='word_1_259' title='bbox 1265 3798 1366 3839; x_wconf 89' lang='lat' dir='ltr'><strong>menso</strong></span> 
     </span>
     <span class='ocr_line' id='line_1_34' title="bbox 269 3856 1498 3936; baseline 0.002 -18"><span class='ocrx_word' id='word_1_260' title='bbox 269 3863 450 3935; x_wconf 70' lang='lat' dir='ltr'><strong>competente</strong></span> <span class='ocrx_word' id='word_1_261' title='bbox 460 3876 512 3935; x_wconf 79' lang='lat' dir='ltr'><strong>pro</strong></span> <span class='ocrx_word' id='word_1_262' title='bbox 527 3878 584 3936; x_wconf 90' lang='lat' dir='ltr'><strong>quo</strong></span> <span class='ocrx_word' id='word_1_263' title='bbox 598 3861 722 3920; x_wconf 69' lang='lat' dir='ltr'><strong>vicanus</strong></span> <span class='ocrx_word' id='word_1_264' title='bbox 732 3860 835 3920; x_wconf 79' lang='lat' dir='ltr'><strong>reddet</strong></span> <span class='ocrx_word' id='word_1_265' title='bbox 844 3880 865 3919; x_wconf 84' lang='lat' dir='ltr'>v</span> <span class='ocrx_word' id='word_1_266' title='bbox 875 3860 983 3921; x_wconf 91' lang='lat' dir='ltr'><strong>solidos</strong></span> <span class='ocrx_word' id='word_1_267' title='bbox 992 3861 1062 3936; x_wconf 91' lang='lat' dir='ltr'><strong>quia</strong></span> <span class='ocrx_word' id='word_1_268' title='bbox 1070 3879 1130 3920; x_wconf 91' lang='lat' dir='ltr'><strong>non</strong></span> <span class='ocrx_word' id='word_1_269' title='bbox 1140 3864 1185 3920; x_wconf 90' lang='lat' dir='ltr'><strong>est</strong></span> <span class='ocrx_word' id='word_1_270' title='bbox 1195 3860 1365 3921; x_wconf 83' lang='lat' dir='ltr'><strong>deecclesia</strong></span> <span class='ocrx_word' id='word_1_271' title='bbox 1488 3856 1498 3873; x_wconf 79' lang='lat'>&#39;</span> 
     </span>
    </p>

    <p class='ocr_par' dir='ltr' id='par_1_9' title="bbox 149 3936 1238 4019">
     <span class='ocr_line' id='line_1_35' title="bbox 149 3936 1238 4019; baseline 0.003 -20"><span class='ocrx_word' id='word_1_272' title='bbox 149 3936 153 3942; x_wconf 83' lang='grc'><strong>’</strong></span> <span class='ocrx_word' id='word_1_273' title='bbox 269 3938 353 3999; x_wconf 89' lang='lat' dir='ltr'><strong>Dicti</strong></span> <span class='ocrx_word' id='word_1_274' title='bbox 367 3958 435 3999; x_wconf 80' lang='lat' dir='ltr'><strong>vero</strong></span> <span class='ocrx_word' id='word_1_275' title='bbox 449 3940 583 4001; x_wconf 90' lang='lat' dir='ltr'><strong>canonici</strong></span> <span class='ocrx_word' id='word_1_276' title='bbox 595 3942 693 4001; x_wconf 91' lang='lat' dir='ltr'><strong>omnia</strong></span> <span class='ocrx_word' id='word_1_277' title='bbox 706 3960 792 4002; x_wconf 84' lang='lat' dir='ltr'><strong>onero</strong></span> <span class='ocrx_word' id='word_1_278' title='bbox 804 3941 897 4019; x_wconf 86' lang='lat' dir='ltr'><strong>ipsius</strong></span> <span class='ocrx_word' id='word_1_279' title='bbox 910 3941 1028 4001; x_wconf 82' lang='lat' dir='ltr'><strong>ecclesie</strong></span> <span class='ocrx_word' id='word_1_280' title='bbox 1041 3940 1238 4002; x_wconf 89' lang='lat' dir='ltr'><strong>sustinebunt.</strong></span> 
     </span>
    </p>
   </div>
   <div class='ocr_carea' id='block_1_9' title="bbox 268 4101 1368 4493">
    <p class='ocr_par' dir='ltr' id='par_1_10' title="bbox 268 4101 1368 4493">
     <span class='ocr_line' id='line_1_36' title="bbox 331 4101 1368 4182; baseline 0 -19"><span class='ocrx_word' id='word_1_281' title='bbox 331 4110 550 4166; x_wconf 74' lang='grc' dir='ltr'>ΗΙΒεΕΒυΗΝ.</span> <span class='ocrx_word' id='word_1_282' title='bbox 576 4101 693 4163; x_wconf 82' lang='lat' dir='ltr'><strong>Viceris</strong></span> <span class='ocrx_word' id='word_1_283' title='bbox 705 4104 739 4164; x_wconf 92' lang='lat' dir='ltr'><strong>in</strong></span> <span class='ocrx_word' id='word_1_284' title='bbox 758 4104 877 4163; x_wconf 86' lang='lat' dir='ltr'><strong>ccclesia</strong></span> <span class='ocrx_word' id='word_1_285' title='bbox 895 4103 933 4163; x_wconf 91' lang='lat' dir='ltr'><strong>de</strong></span> <span class='ocrx_word' id='word_1_286' title='bbox 947 4102 1111 4163; x_wconf 88' lang='lat' dir='ltr'><strong>Hissebum</strong></span> <span class='ocrx_word' id='word_1_287' title='bbox 1129 4121 1186 4180; x_wconf 92' lang='lat' dir='ltr'><strong>que</strong></span> <span class='ocrx_word' id='word_1_288' title='bbox 1206 4107 1252 4163; x_wconf 81' lang='lat' dir='ltr'><strong>eet</strong></span> <span class='ocrx_word' id='word_1_289' title='bbox 1264 4103 1368 4182; x_wconf 87' lang='lat' dir='ltr'><strong>prioris</strong></span> 
     </span>
     <span class='ocr_line' id='line_1_37' title="bbox 270 4182 1368 4263; baseline 0.002 -22"><span class='ocrx_word' id='word_1_290' title='bbox 270 4186 300 4241; x_wconf 88' lang='lat' dir='ltr'><strong>et</strong></span> <span class='ocrx_word' id='word_1_291' title='bbox 313 4188 474 4243; x_wconf 87' lang='lat' dir='ltr'><strong>conventus</strong></span> <span class='ocrx_word' id='word_1_292' title='bbox 496 4182 532 4242; x_wconf 92' lang='lat' dir='ltr'><strong>de</strong></span> <span class='ocrx_word' id='word_1_293' title='bbox 545 4182 738 4263; x_wconf 83' lang='lat' dir='ltr'><strong>Dunestapell</strong></span> <span class='ocrx_word' id='word_1_294' title='bbox 757 4186 928 4245; x_wconf 77' lang='lat' dir='ltr'><strong>auctoritaie</strong></span> <span class='ocrx_word' id='word_1_295' title='bbox 947 4184 1065 4244; x_wconf 89' lang='lat' dir='ltr'><strong>concilii</strong></span> <span class='ocrx_word' id='word_1_296' title='bbox 1084 4184 1218 4245; x_wconf 77' lang='lat' dir='ltr'><strong>ondinata</strong></span> <span class='ocrx_word' id='word_1_297' title='bbox 1235 4184 1368 4244; x_wconf 84' lang='lat' dir='ltr'><strong>consistit</strong></span> 
     </span>
     <span class='ocr_line' id='line_1_38' title="bbox 270 4263 1368 4344; baseline 0.001 -21"><span class='ocrx_word' id='word_1_298' title='bbox 270 4264 304 4323; x_wconf 91' lang='lat' dir='ltr'><strong>in</strong></span> <span class='ocrx_word' id='word_1_299' title='bbox 317 4266 379 4323; x_wconf 87' lang='lat' dir='ltr'><strong>toto</strong></span> <span class='ocrx_word' id='word_1_300' title='bbox 392 4263 529 4342; x_wconf 82' lang='lat' dir='ltr'><strong>altaragio</strong></span> <span class='ocrx_word' id='word_1_301' title='bbox 550 4283 617 4323; x_wconf 90' lang='lat' dir='ltr'><strong>cum</strong></span> <span class='ocrx_word' id='word_1_302' title='bbox 636 4266 729 4326; x_wconf 83' lang='lat' dir='ltr'><strong>orcita</strong></span> <span class='ocrx_word' id='word_1_303' title='bbox 752 4271 782 4326; x_wconf 88' lang='lat' dir='ltr'><strong>et</strong></span> <span class='ocrx_word' id='word_1_304' title='bbox 806 4270 888 4344; x_wconf 82' lang='lat' dir='ltr'><strong>proto</strong></span> <span class='ocrx_word' id='word_1_305' title='bbox 908 4286 947 4325; x_wconf 89' lang='lat' dir='ltr'><strong>ex</strong></span> <span class='ocrx_word' id='word_1_306' title='bbox 966 4270 1047 4344; x_wconf 79' lang='lat' dir='ltr'><strong>parta</strong></span> <span class='ocrx_word' id='word_1_307' title='bbox 1066 4266 1193 4326; x_wconf 81' lang='lat' dir='ltr'><strong>australi.</strong></span> <span class='ocrx_word' id='word_1_308' title='bbox 1234 4265 1368 4326; x_wconf 83' lang='lat' dir='ltr'><strong>Vicanius</strong></span> 
     </span>
     <span class='ocr_line' id='line_1_39' title="bbox 268 4343 1367 4409; baseline 0.002 -5"><span class='ocrx_word' id='word_1_309' title='bbox 268 4350 366 4405; x_wconf 63' lang='lat' dir='ltr'><strong>anum</strong></span> <span class='ocrx_word' id='word_1_310' title='bbox 379 4343 473 4405; x_wconf 87' lang='lat' dir='ltr'><strong>solvet</strong></span> <span class='ocrx_word' id='word_1_311' title='bbox 492 4344 635 4407; x_wconf 82' lang='lat' dir='ltr'><strong>sinodalia</strong></span> <span class='ocrx_word' id='word_1_312' title='bbox 653 4352 769 4409; x_wconf 84' lang='lat' dir='ltr'><strong>tantum</strong></span> <span class='ocrx_word' id='word_1_313' title='bbox 793 4352 823 4406; x_wconf 86' lang='lat' dir='ltr'><strong>et</strong></span> <span class='ocrx_word' id='word_1_314' title='bbox 845 4347 977 4409; x_wconf 87' lang='lat' dir='ltr'><strong>canonici</strong></span> <span class='ocrx_word' id='word_1_315' title='bbox 1001 4346 1099 4408; x_wconf 90' lang='lat' dir='ltr'><strong>omnia</strong></span> <span class='ocrx_word' id='word_1_316' title='bbox 1118 4346 1175 4409; x_wconf 83' lang='lat' dir='ltr'><strong>elia</strong></span> <span class='ocrx_word' id='word_1_317' title='bbox 1189 4366 1276 4407; x_wconf 83' lang='lat' dir='ltr'><strong>onera</strong></span> <span class='ocrx_word' id='word_1_318' title='bbox 1288 4346 1367 4407; x_wconf 89' lang='lat' dir='ltr'><strong>dicte</strong></span> 
     </span>
     <span class='ocr_line' id='line_1_40' title="bbox 269 4425 594 4493; baseline 0.015 -4"><span class='ocrx_word' id='word_1_319' title='bbox 269 4425 387 4489; x_wconf 79' lang='lat' dir='ltr'><strong>ecclesie</strong></span> <span class='ocrx_word' id='word_1_320' title='bbox 400 4427 594 4493; x_wconf 80' lang='lat' dir='ltr'><strong>mutinabunt.</strong></span> 
     </span>
    </p>
   </div>
   <div class='ocr_carea' id='block_1_10' title="bbox 0 0 1606 5367">
    <p class='ocr_par' dir='ltr' id='par_1_11' title="bbox 0 0 1606 5367">
     <span class='ocr_line' id='line_1_41' title="bbox 0 0 1606 5367; baseline 0 0"><span class='ocrx_word' id='word_1_321' title='bbox 0 0 1606 5367; x_wconf 95' lang='lat' dir='ltr'><strong> </strong></span> 
     </span>
    </p>
   </div>
  </div>
 </body>
</html>
