3192 5367
308 514 351 582 96
695 526 801 581 um
821 526 998 592 sumanus

362 672 584 732 sevocaoio
603 673 651 726 nt
673 672 846 727 assum.

368 740 513 803 Omnibus
526 736 579 799 dac
623 735 723 812 Quum
735 738 785 814 pia
798 736 877 797 facts
886 734 1018 797 fidelium
1027 734 1117 814 digno
1130 738 1200 795 nint
1210 736 1411 815 prosequenda

308 822 418 894 favore,
431 819 463 879 N
464 818 582 879 ovesitis
595 818 676 895 quod
688 836 743 877 nos
754 816 977 878 edvoesoionem
989 816 1108 877 ecclesie
1127 817 1164 876 de
1175 816 1306 877 Kuburn’
1321 836 1412 895 quam

307 902 457 965 Gilbertus
480 899 517 959 de
539 900 680 959 Turribus
699 899 825 959 contulit
843 898 956 958 Abbati
975 903 1005 957 et
1020 897 1175 958 Canoniois
1196 896 1233 957 de
1253 898 1411 977 Grimesby

305 985 382 1043 sicut
395 979 608 1043 racionabiliter
620 980 698 1039 iacta
709 979 775 1059 (sic)
787 984 832 1039 est
845 998 978 1039 concessa
991 983 1022 1037 et
1034 984 1112 1039 carta
1126 979 1273 1039 donatoris
1285 980 1411 1057 predicti

305 1064 482 1136 confirmata,
494 1061 535 1121 eis
548 1065 694 1121 auctorate
707 1059 864 1139 episcopali
877 1060 1086 1120 confirmamus
1123 1060 1220 1122 Salvis
1229 1061 1262 1119 in
1273 1062 1410 1121 omnibus

306 1146 353 1205 dcc
387 1144 429 1205 Et
438 1148 473 1203 ut
482 1142 537 1203 hec
546 1142 729 1202 confirmacio
739 1141 792 1202 dcc.
827 1140 965 1201 'festibus
978 1140 1407 1217 J.ArohidiaconoBedeford',

305 1224 418 1286 Thema
443 1224 481 1284 de
507 1222 678 1297 Fiskerton',
703 1222 854 1299 Magistris
876 1221 912 1282 R
938 1222 976 1281 de
999 1222 1113 1283 Crauel'
1134 1228 1164 1283 et
1184 1222 1234 1283 W.
1258 1222 1295 1283 de
1319 1223 1409 1283 Well'

306 1306 451 1368 moniois
474 1304 567 1377 Line,
587 1302 669 1365 Will
695 1304 733 1363 de
756 1302 806 1363 Ke
847 1302 954 1363 sehsm'
978 1307 1009 1363 et
1031 1303 1159 1369 Radullo
1183 1303 1220 1363 de
1241 1302 1408 1363 Warrsvill'

305 1388 451 1449 canonicis
464 1384 600 1459 Wellen',
613 1390 644 1445 et
667 1384 786 1444 Olivero
821 1382 964 1444 eredn'
977 1383 1079 1445 clerico
1103 1389 1133 1471 et
1156 1384 1229 1445 eliis.
1266 1384 1336 1445 Dat'
1356 1404 1409 1461 per

306 1488 426 1529 manum
448 1468 485 1528 R
500 1466 538 1527 de
561 1464 653 1527 Cests'
671 1464 831 1525 subdecani
853 1464 935 1526 Liuo’
955 1465 1035 1543 apud
1058 1464 1242 1527 Linoolniam
1266 1466 1299 1543 iij
1326 1466 1405 1527 Non.

306 1550 329 1611 J
329 1549 382 1627 ulij
397 1546 584 1629 pontificatue
597 1546 690 1607 nostri
702 1565 779 1605 anno
797 1552 841 1606 κθ.

363 1708 403 1763 uo
426 1705 542 1761 ΜΑΙῖΟΙ
562 1704 802 1759 WARDEBOYS.

354 1769 513 1846 ,omnibus
525 1770 572 1828 dc
616 1768 739 1828 Noverit
752 1767 926 1827 universitas
939 1770 1035 1827 vestra
1048 1786 1102 1827 noe
1114 1767 1151 1826 de
1167 1784 1287 1827 assensu
1301 1768 1408 1845 Rogeri

306 1850 419 1911 Decani
431 1857 462 1911 et
474 1849 605 1927 Capituli
618 1849 710 1908 nostri
724 1848 806 1907 Linc’
820 1848 992 1907 concessisse
1012 1854 1042 1907 et
1061 1848 1188 1927 presenti
1208 1854 1287 1909 carta
1306 1850 1407 1909 confir·

304 1952 398 1991 masse
411 1932 526 1991 dilectis
538 1930 571 1989 in
585 1929 702 1991 Christo
722 1929 793 1988 filiis
813 1928 925 1989 Abbati
944 1934 975 1989 et
995 1927 1163 1990 Conventui
1183 1929 1220 1989 de
1240 1929 1355 1989 Rames'
1373 1932 1406 1989 in

305 2032 376 2071 usus
389 2012 586 2072 elemosinario
605 2010 736 2087 ejusdem
756 2011 861 2070 domus
882 2006 934 2091 [fo.
953 2007 1016 2093 30⁸]
1031 2014 1089 2069 tres
1103 2028 1211 2069 mareas
1231 2010 1268 2069 de
1289 2012 1407 2070 ecclesis

306 2094 343 2153 de
352 2092 532 2169 Werdeboys
543 2092 661 2151 nomine
674 2092 808 2169 perpetui
821 2090 955 2151 beneficii
969 2110 1021 2169 per
1029 2110 1132 2151 manus
1143 2110 1264 2168 persone
1277 2092 1407 2169 ejusdem

304 2174 423 2235 ecclesie
445 2178 584 2251 perpetuo
607 2172 808 2249 percipiendae
831 2190 903 2249 ques
926 2172 963 2231 ab
983 2172 1104 2249 antiquo
1124 2172 1270 2251 percipere
1290 2191 1407 2233 consue-

305 2260 419 2317 verunt.
447 2254 544 2315 Salvis
553 2254 587 2313 in
597 2253 732 2313 omnibus
743 2254 789 2313 tc.
819 2252 859 2313 Et
869 2258 903 2313 ut
912 2252 966 2313 hec
975 2258 1074 2313 nostra
1084 2254 1227 2313 concessio
1237 2258 1406 2331 perpetuam

306 2337 436 2415 optineat
449 2336 616 2395 firmitatem
635 2353 753 2412 presens
772 2334 913 2412 scriptum
933 2334 1028 2411 sigillo
1042 2338 1139 2393 nostro
1158 2354 1218 2394 uua
1231 2353 1298 2395 cum
1310 2335 1406 2413 sigillo

306 2418 437 2495 Capituli
444 2418 537 2477 nostri
545 2414 627 2476 Linc’
635 2415 775 2475 duximus
782 2414 982 2475 muniendum
1015 2414 1149 2475 Testibus
1158 2415 1269 2493 Rogero
1278 2416 1405 2489 Derane,

306 2497 342 2559 G.
364 2498 544 2572 Precentore‚
558 2496 594 2557 R
618 2495 804 2569 Cancellsrio‚
819 2495 849 2557 J.
867 2495 1081 2555 Archidiscono
1102 2494 1208 2571 Stowe,
1223 2496 1350 2573 Hugone
1370 2497 1407 2556 de

306 2578 336 2639 S.
348 2578 500 2653 Eduardo,
512 2577 660 2655 Magistris
668 2577 718 2637 W.
729 2578 768 2637 fil'
779 2576 927 2657 Fulcouis‚
940 2577 977 2637 R.
987 2576 1024 2635 de
1034 2576 1141 2651 Holm',
1153 2576 1188 2637 R
1202 2577 1238 2637 de
1251 2577 1406 2637 Lindwud’

306 2665 336 2720 et
349 2660 387 2721 Α.
403 2660 440 2720 de
450 2660 480 2721 S.
496 2658 662 2733 Edmundo,
676 2657 809 2717 Waltero
822 2658 927 2719 Blu'do
947 2662 977 2717 et
997 2658 1033 2717 R
1048 2658 1085 2717 de
1101 2656 1227 2717 Bristoll’
1241 2658 1405 2737 capellanis,

306 2740 340 2802 P.
366 2742 403 2801 de
426 2740 534 2817 Hung'‚
558 2739 607 2799 W.
633 2738 670 2799 de
692 2737 809 2814 Analu’,
824 2738 859 2799 R
886 2738 922 2799 de
946 2738 1054 2799 Bohun
1074 2745 1104 2799 et
1124 2739 1158 2799 P.
1174 2739 1211 2799 de
1231 2738 1407 2801 Cheu'mont

305 2822 452 2883 canonicis
464 2822 547 2882 Linc'
560 2826 590 2881 et
604 2820 639 2881 0.
653 2819 691 2879 de
704 2817 817 2881 Chedn’
831 2818 941 2881 clerico
985 2819 1054 2879 Dat'
1065 2840 1115 2897 per
1128 2839 1232 2881 manus
1245 2821 1356 2880 Thome
1369 2822 1406 2880 de

304 2902 461 2963 Fisliertou
473 2902 616 2979 capellani
627 2901 760 2963 canonici
772 2900 855 2961 Linc'
867 2900 948 2979 apud
959 2900 1042 2969 Linc'
1055 2901 1097 2978 xij
1111 2900 1169 2963 kal
1185 2902 1313 2981 Augusti
1325 2902 1406 2981 pont’

305 2985 399 3044 nostri
412 3002 490 3044 enno
506 2992 549 3045 ιθ.

369 3160 419 3214 mc
444 3158 558 3213 ΜΑκο·
585 3144 620 3205 de
646 3143 763 3205 corbeio
789 3143 825 3204 de
853 3144 1023 3221 ammisse
1051 3162 1110 3205 uec
1136 3163 1201 3207 eom
1220 3146 1407 3208 advocaciam

306 3227 418 3287 ecclesie
429 3227 564 3303 prmictc.

366 3308 520 3368 Universis
544 3309 591 3367 &c
631 3307 757 3367 Noverit
783 3305 958 3367 universitas
980 3312 1078 3367 vestre
1093 3322 1153 3368 'nos
1177 3308 1214 3369 de
1239 3327 1359 3369 amaneu
1377 3312 1408 3371 et

305 3388 457 3449 voluntate
470 3388 642 3447 dilectorum
654 3386 782 3447 filiorum
794 3388 902 3465 Rogeri
914 3388 1027 3447 Decani
1040 3394 1070 3448 et
1080 3388 1211 3465 Capituli
1224 3390 1317 3449 nostri
1326 3390 1408 3449 Linc'

306 3470 419 3529 dedisse
433 3475 463 3529 et
482 3470 654 3529 concessisse
674 3469 789 3529 dilectis
802 3469 835 3527 in
855 3468 973 3530 Christo
992 3469 1062 3529 filiis
1082 3470 1177 3529 Priori
1191 3476 1221 3531 et
1241 3469 1409 3532 Conventui

306 3550 343 3610 de
356 3550 443 3611 Novo
456 3550 534 3609 Loco
547 3550 658 3609 ordinis
672 3550 709 3609 de
720 3550 944 3628 Sempiugehem
957 3550 1029 3627 iiij⁰¹
1042 3570 1150 3611 marcas
1164 3570 1275 3611 annues
1288 3552 1408 3611 nomine

305 3631 440 3690 benefidi
453 3631 490 3690 de
503 3630 622 3691 ecclesia
635 3630 671 3691 de
686 3631 864 3708 Bernetteby
877 3650 929 3709 per
944 3650 1048 3691 manue
1062 3632 1196 3711 Magistri
1217 3632 1351 3711 Hugonis
1370 3632 1408 3693 de

212 3753 213 3756 κ
307 3710 436 3773 Dulleld'
455 3730 576 3789 persone
595 3712 688 3790 ipsius
708 3711 826 3771 ecclesie
846 3712 986 3789 quamdiu
1014 3713 1122 3772 vixerit
1148 3712 1346 3791 percipiendas
1378 3719 1409 3775 et

305 3798 434 3873 preterea
446 3792 631 3852 medietatem
652 3792 689 3852 de
709 3792 829 3864 decimis
848 3792 1001 3871 garbarum
1021 3793 1057 3852 de
1077 3794 1130 3870 xiij
1153 3793 1268 3853 bovatis
1287 3798 1362 3853 terre
1375 3796 1409 3855 in

306 3874 484 3949 Bernetteby
497 3891 598 3932 versus
611 3873 752 3933 orientem
765 3878 796 3933 et
809 3874 960 3933 meridiem
973 3875 1091 3933 nomine
1111 3874 1244 3934 beneficii
1263 3879 1326 3934 tota
1345 3876 1409 3937 vita

305 3955 430 4033 predicti
456 3954 592 4031 Hngonis
614 3953 826 4031 possidendam.
873 3954 1074 4016 Concessimus
1087 3956 1178 4015 eciam
1190 3955 1228 4015 de
1241 3975 1360 4016 assensu
1379 3962 1410 4017 et

306 4037 457 4097 voluntate
470 4035 614 4094 dictorum
627 4035 740 4095 Deceni
752 4040 783 4095 et
795 4035 928 4114 Capituli
941 4038 1034 4095 nostri
1046 4036 1128 4097 Linc’
1142 4036 1251 4097 eisdem
1264 4037 1359 4096 Priori
1379 4042 1410 4097 et

308 4117 476 4178 Conventui
488 4120 580 4176 totam
600 4115 784 4195 medietatem
806 4116 935 4195 predicte
955 4117 1072 4177 ecclesie
1093 4117 1130 4178 de
1150 4117 1329 4195 Bernetteby
1342 4123 1409 4196 post

306 4198 456 4258 decessum
482 4197 605 4276 predicti
632 4197 768 4274 Hugonis
793 4198 827 4257 in
848 4217 919 4259 usus
945 4199 1076 4277 proprios
1098 4198 1228 4275 ipsorum
1250 4199 1359 4259 Prioris
1379 4204 1409 4259 et

306 4279 478 4340 Conventus
504 4279 622 4339 nomine
648 4278 783 4356 perpetui
809 4278 943 4339 beneficii
969 4278 1201 4339 convertendam.
1253 4280 1302 4339 Ita
1328 4278 1409 4356 quod
