3192 5367
285 552 327 617 6⁰
594 566 597 571 ’
690 560 795 619 mnus
816 562 993 629 Asiloims

344 726 568 787 oocnlurou
594 726 721 781 sorici·
722 727 730 780 l
758 727 951 782 isontium.
999 714 1116 774 Vitatis
1140 714 1174 774 in
1200 715 1318 775 ccclesia
1343 712 1382 774 do

285 798 444 861 Ooorinton
457 795 487 856 fl.
503 794 646 854 Lsonnrdi
659 812 717 870 quo
730 798 775 853 ost
787 794 892 870 prioris
912 800 941 854 st
961 800 1123 855 conventus
1136 794 1172 855 ds
1185 795 1382 873 Aluingohsm

285 879 419 939 consistit
430 878 464 937 in
477 873 533 957 [so.
551 871 618 956 lib]
631 878 694 933 toto
707 875 845 952 sltsrsgio
858 880 954 953 proter
966 875 1061 935 linum
1075 880 1104 935 ot
1116 876 1150 935 in
1162 895 1222 935 nno
1236 876 1382 954 quartario

284 959 426 1019 frumenti
447 962 479 1019 ot
496 958 530 1017 in
549 975 609 1015 uno
629 956 775 1031 qusrtnrio
794 956 875 1017 ordei
894 957 1050 1034 pscosbilis
1070 957 1108 1017 ds
1128 957 1214 1017 dictis
1237 958 1331 1033 priore
1351 961 1382 1016 et

285 1043 432 1101 conventu
451 1037 603 1097 annuatim
625 1036 827 1113 porcipisndis
870 1036 1031 1097 dedondo
1044 1038 1115 1097 indo
1128 1040 1280 1098 annuatim
1294 1038 1382 1098 dictis

284 1121 374 1200 priori
387 1125 418 1180 et
431 1117 588 1180 conventui
600 1116 754 1176 duodecim
767 1118 907 1177 denarios
961 1118 1002 1177 Et
1014 1118 1072 1197 ipsi
1087 1120 1164 1195 prior
1177 1125 1207 1178 st
1220 1124 1382 1179 convontus

284 1201 482 1279 procurabunt
498 1198 663 1276 hospicium
681 1197 878 1259 archidianoni
891 1204 921 1259 ot
934 1205 1028 1259 cotors
1046 1218 1133 1259 cnoro
1151 1200 1338 1260 sustinebunt
1352 1204 1382 1259 ot

284 1282 482 1362 providebunt
494 1281 532 1341 ds
544 1280 620 1341 tofto
633 1279 689 1358 ipsi
703 1278 820 1339 vicario.
863 1280 904 1341 Et
924 1286 968 1341 cst
987 1281 1095 1342 vicario
1113 1279 1203 1341 trium
1222 1298 1382 1341 marcorum

284 1369 315 1425 st
330 1382 365 1425 oo
377 1363 511 1442 amplius

347 1538 575 1595 sturnorou.
621 1521 739 1582 Viccris
763 1523 797 1581 in
824 1521 942 1583 moesis
975 1523 1012 1583 de
1046 1522 1222 1583 Koddinton
1247 1542 1304 1601 qus
1338 1528 1384 1583 esc

285 1607 443 1669 sorondsm
465 1604 598 1665 consistit
620 1604 653 1662 in
675 1607 739 1663 toto
761 1602 900 1680 cltsrsgio
920 1609 1015 1682 pretor
1029 1603 1133 1680 linum,
1147 1604 1295 1665 reddendo
1313 1604 1384 1665 indo

285 1688 438 1749 sunnctim
451 1685 537 1746 dictis
549 1685 639 1762 priori
651 1689 682 1744 ot
694 1685 853 1745 conventui
866 1682 931 1745 xiid.
974 1686 1015 1745 Et
1024 1685 1082 1764 ipsi
1094 1686 1173 1764 prior
1182 1690 1213 1745 et
1222 1690 1383 1745 convontus

286 1768 483 1850 proridsbunt
495 1767 603 1827 nosrio
616 1766 654 1826 do
665 1766 742 1825 tolto
751 1770 782 1824 st
794 1766 990 1843 procurabunt
1004 1767 1165 1844 hospicium
1176 1766 1385 1827 Archidicconi

286 1857 317 1911 ot
329 1855 423 1911 cotors
434 1868 523 1909 onors
534 1846 631 1909 omnis
643 1846 839 1907 sustinebunt.
881 1847 922 1906 Et
934 1852 979 1907 ost
991 1848 1099 1909 vicum
1110 1848 1155 1925 iiij
1170 1866 1337 1909 morcarum

347 2023 557 2081 οΑιτῊοιιΡ.
583 2009 701 2069 Viosris
709 2008 742 2069 in
753 2008 873 2069 ccclesia
883 2010 920 2069 do
930 2010 1087 2088 Cslsthorp
1101 2029 1158 2088 quo
1171 2014 1215 2070 ost
1228 2009 1386 2071 eorundem

286 2093 419 2153 consistit
431 2092 464 2150 in
476 2094 540 2150 tots
552 2090 670 2149 ecclesis
683 2108 750 2149 oum
762 2091 891 2167 quodam
904 2091 980 2151 tofto
993 2092 1125 2151 oditiccto
1135 2093 1223 2169 juxto
1236 2091 1385 2151 scclosicm

286 2180 382 2252 protor
403 2172 529 2232 dsoimss
552 2171 691 2231 dominici
715 2172 819 2231 domus
842 2172 879 2231 do
901 2172 1097 2251 Aluingshum
1126 2173 1159 2232 in
1186 2172 1286 2233 ocdsm
1313 2172 1385 2232 villo

287 2260 416 2333 tompore
434 2252 524 2329 hujus
547 2252 759 2331 ossignscionis,
781 2257 812 2313 ot
831 2259 952 2332 excepto
971 2260 1046 2313 ton-s
1062 2256 1088 2313 si
1106 2272 1164 2330 quc
1180 2254 1323 2331 pertineat
1347 2252 1386 2312 od

288 2335 396 2396 dictum
405 2333 554 2395 occlssim
564 2334 601 2393 ds
611 2332 785 2410 Cslsthorp:
803 2334 950 2395 reddendo
960 2335 1030 2394 indo
1039 2335 1190 2395 annuatim
1200 2334 1286 2394 dictis
1296 2334 1386 2411 priori

287 2418 325 2478 ds
348 2414 545 2493 Aluingohcm
570 2412 638 2491 xijd.
679 2415 721 2473 Et
746 2414 804 2492 ipsi
831 2416 920 2493 priori
946 2421 976 2476 ot
1003 2422 1164 2477 convontus
1191 2415 1386 2493 procurabunt

287 2498 452 2576 hospicium
474 2495 682 2558 Archidisconi
698 2501 730 2557 st
748 2509 843 2557 cotors
856 2516 943 2557 onero
955 2496 1159 2557 sustinebunt:
1179 2502 1209 2558 ot
1222 2502 1267 2557 ost
1279 2496 1387 2557 vicsris

287 2580 378 2641 trium
391 2596 558 2639 mmcsrum.

349 2754 536 2809 οῃΜΕεΒΥ,
577 2739 693 2799 Vicsric
713 2740 746 2800 in
764 2739 884 2800 ecclesis
903 2740 940 2799 ds
960 2740 1103 2817 Ormcsby
1114 2760 1172 2818 quo
1186 2744 1229 2801 ost
1242 2740 1345 2818 prioris
1358 2744 1388 2799 et

288 2828 450 2884 convontus
475 2821 513 2880 ds
539 2820 683 2899 Ormosby
709 2822 751 2881 sio
774 2826 819 2881 ost
845 2822 985 2882 ordinatu
1028 2822 1163 2881 Vicsrius
1190 2821 1310 2882 hohcbit
1336 2840 1388 2899 por

288 2902 399 2964 ninum
412 2922 464 2963 sex
477 2902 621 2981 qusrtsris
630 2907 661 2962 ot
670 2902 826 2961 dimidium
840 2903 980 2963 frumenti
990 2903 1154 2981 puocsbilis,
1165 2922 1254 2963 unam
1264 2921 1389 2963 marcum

289 2985 409 3063 umenti,
431 2983 594 3044 oblaciones
613 2984 647 3042 in
665 2983 823 3061 mojoribus
844 2984 1116 3061 sollempnitatibus,
1138 2985 1331 3045 obvonciones
1350 2983 1387 3043 do

288 3066 479 3139 confossione,
504 3064 665 3125 mnndum
692 3065 829 3143 legatum,
850 3084 903 3143 pro
922 3061 1105 3143 sponsalib&
1125 3066 1180 3143 ju,
1195 3084 1248 3143 pro
1272 3083 1388 3141 corporo

288 3147 417 3223 presenti
426 3146 471 3223 jd.
513 3146 554 3206 Et
565 3145 624 3223 ipsi
636 3146 715 3224 prior
726 3150 757 3205 ot
770 3151 931 3205 convontus
940 3147 1093 3206 invenient
1102 3146 1238 3207 olsricum
1250 3146 1389 3205 idoneum

289 3228 323 3286 in
335 3228 459 3305 propriis
471 3227 606 3305 sxponsis
615 3232 645 3287 ot
654 3226 850 3305 procumbunt
861 3227 1024 3305 hospicium
1036 3227 1244 3287 Archidisooni
1253 3231 1284 3287 ot
1297 3231 1390 3287 cotors

289 3326 377 3368 onors
403 3307 590 3369 sustinebunt
616 3313 647 3368 ot
672 3307 868 3387 providebunt
894 3308 932 3368 do
958 3308 1042 3369 tofto.
1084 3308 1124 3369 Et
1146 3314 1192 3369 ost
1214 3308 1321 3399 sicoris
1343 3308 1387 3385 iiij

289 3408 456 3450 murcsrunn

350 3565 526 3619 νΠΕΗΒΥ.
566 3550 685 3612 Viooris
699 3551 733 3611 in
749 3551 868 3613 susus
887 3552 924 3615 dc
943 3550 1072 3631 Vttorby
1091 3572 1149 3629 quo
1168 3556 1212 3613 ost
1232 3550 1391 3613 eorumdem

290 3632 380 3693 simili
402 3632 490 3692 modo
512 3636 557 3693 ost
580 3633 712 3693 ordinatu
735 3638 770 3694 ut
793 3634 900 3695 sicoris
922 3633 960 3693 do
987 3633 1138 3711 Ormoshy.
1180 3632 1221 3693 Et
1243 3632 1322 3737 valet
1345 3632 1389 3709 iiij

290 3731 401 3775 marcis.

353 3888 549 3943 εεττεῃΒΥ.
591 3876 708 3937 Vicsrio
720 3876 754 3936 in
767 3876 886 3937 occissis
899 3876 936 3937 do
948 3876 1089 3955 Fettsrhy
1102 3894 1159 3953 quo
1175 3881 1219 3937 est
1235 3875 1392 3937 eorundem

290 3957 382 4018 simili
394 3956 480 4017 modo
493 3961 538 4017 ost
550 3957 683 4018 ordincts
696 3964 731 4018 ut
739 3958 848 4020 nosris
856 3958 889 4017 in
900 3957 1018 4019 ecclesis
1028 3958 1064 4018 (lo
1075 3958 1226 4037 Ormosby.
1262 3958 1302 4018 Et
1313 3956 1393 4017 valet

290 4057 336 4116 up
350 4056 517 4098 morcarum

1173 4124 1179 4139 '
1278 4123 1284 4160 l

353 4213 473 4268 PARVA
498 4214 696 4270 GRlMESBY.
736 4201 854 4263 Viccris
872 4201 906 4261 in
926 4199 1044 4261 occissis
1064 4200 1101 4261 do
1119 4200 1214 4262 Parvo
1238 4200 1394 4277 Grimoshy

293 4302 351 4360 quo
363 4286 408 4341 ost
420 4282 578 4342 eorundem
598 4282 732 4343 consistit
751 4284 784 4343 in
804 4288 867 4343 toto
887 4282 1024 4361 sltsrcgio
1045 4285 1075 4342 ot
1088 4282 1121 4341 in
1133 4301 1186 4342 sex
1196 4282 1349 4359 qunrtsriis
1363 4285 1394 4341 st

293 4362 417 4424 dimidio
437 4362 578 4427 mmonti
597 4363 753 4441 pscosbilis
772 4370 803 4426 st
822 4364 855 4425 in
875 4364 997 4425 dimidio
1016 4380 1111 4425 marco
1131 4364 1242 4443 urgenti
1256 4364 1292 4423 do
1306 4362 1394 4433 dictis
