3192 5367
296 546 316 605 8
682 560 786 624 ursus
808 560 985 622 eumcum

358 715 633 771 resecemus.
661 705 778 767 Vicerie
803 708 838 767 in
860 705 979 767 ecclesie
1004 705 1042 767 de
1067 704 1244 768 Freclsevell
1269 725 1328 785 que
1353 712 1399 767 est

296 788 406 849 Prioris
425 793 456 847 st
481 786 652 849 Conventus
672 787 778 849 Seucte
797 786 973 849 Fredesvvid'
993 785 1089 848 Oxon’
1108 793 1268 849 euotortete
1281 788 1398 848 concilii

295 869 429 930 ordinste
453 868 587 928 consistit
620 868 653 927 in
679 870 816 929 omnibus
841 867 1069 929 obvencicnibue
1095 869 1194 929 ulteris
1219 874 1250 929 et
1275 870 1398 940 minutis

295 950 414 1011 decimis
434 948 526 1009 totius
545 948 679 1025 peroohie
699 954 729 1009 et
748 950 781 1009 iu
797 950 917 1010 decimis
928 949 1010 1011 blsdi
1022 954 1054 1009 et
1065 950 1127 1010 feni
1140 955 1170 1011 et
1182 950 1318 1011 omnibus
1332 950 1398 1010 eliis

295 1030 416 1091 decimis
428 1030 666 1109 provenientibus
686 1031 723 1090 de
742 1030 838 1091 tribue
856 1030 977 1109 virgetie
994 1035 1068 1091 terre
1080 1030 1114 1090 in
1127 1030 1228 1091 eedem
1241 1031 1313 1091 ville
1325 1049 1397 1109 ques

295 1110 437 1173 Ricerdus
450 1110 529 1171 filius
541 1110 659 1171 Redulfi
672 1116 760 1172 tenet
802 1112 843 1173 Et
854 1112 888 1171 in
902 1130 960 1171 uno
973 1112 1065 1172 orosto
1078 1129 1146 1172 cum
1161 1112 1322 1191 messuagio
1334 1113 1398 1173 eine

295 1198 379 1271 preto
398 1196 497 1252 temon
516 1190 673 1269 edocente
716 1193 756 1253 Et
771 1192 852 1253 velet
869 1193 977 1253 viceris
996 1212 1016 1255 v
1035 1194 1128 1253 mero’.
1169 1193 1280 1255 'rotulis
1299 1198 1397 1254 eutem

295 1273 413 1335 ecclesie
425 1292 446 1335 x
460 1272 544 1333 mero'
558 1275 588 1333 et
601 1272 708 1335 sufficit
717 1292 794 1335 unus
806 1273 979 1353 capellanus

355 1445 466 1501 8ΤοΚ.
491 1432 609 1495 Vicerie
627 1434 661 1495 in
679 1435 798 1497 ecclesie
818 1434 856 1495 de
875 1434 960 1509 scor„
980 1433 1107 1495 Abbetis
1125 1439 1156 1495 et
1175 1434 1347 1497 Conventus
1359 1434 1409 1495 de*

293 1517 445 1595 Noteleye,
473 1516 628 1577 consistere
654 1522 751 1594 potest
772 1518 806 1577 iu
832 1515 969 1593 elterogio
988 1534 1055 1576 cum
1083 1514 1207 1576 minutis
1225 1515 1347 1575 decimis
1366 1520 1396 1577 et

295 1596 631 1659 dimidiehideterreet
650 1597 917 1659 unomensoetiu
936 1596 1056 1657 decimis
1075 1597 1105 1674 vj
1127 1596 1303 1675 virgeterum
1322 1602 1397 1657 terre

294 1680 373 1758 epud
387 1678 526 1741 Fenootb
569 1678 609 1740 Et
628 1678 708 1740 velet
727 1678 835 1739 vicens
852 1698 874 1740 v
893 1678 986 1740 merc'.
1028 1677 1138 1739 Totelis
1160 1682 1260 1739 eutem
1278 1677 1397 1739 ecclesie

294 1763 369 1837 xvnj
384 1759 477 1820 merc’.

355 1928 596 1987 strumoso.
618 1917 735 1980 Vicerie
753 1921 788 1980 in
814 1920 933 1981 ecclesie
952 1918 990 1981 de
1013 1919 1168 1983 Seumiord
1189 1918 1242 1999 (sic
1275 1939 1332 2000 que
1352 1925 1397 1981 est

294 2000 434 2062 Priorisse
454 2006 484 2061 et
497 2000 673 2061 Monislinm
686 2001 723 2061 de
736 1998 905 2062 Lithemore
939 2048 946 2061 .
988 2045 995 2062 .
1039 2046 1047 2063 .
1091 2045 1100 2063 .
1135 1997 1257 2085 [blunt.

356 2172 557 2227 ΚουΕιΕΥΑ.
584 2160 701 2223 Vicerie
720 2163 754 2221 in
773 2161 893 2223 ecclesie
912 2162 950 2222 de
963 2161 1116 2241 Koneleye
1134 2182 1193 2241 qne
1212 2168 1258 2223 eet
1270 2161 1396 2223 Abbatie

295 2250 325 2305 et
339 2243 510 2306 Conventus
524 2242 594 2305 Osn’
607 2243 778 2304 auctoritete
797 2243 913 2304 concilii
933 2243 1066 2305 ordinate
1085 2243 1220 2305 consistit
1233 2264 1286 2323 per
1298 2244 1396 2305 omnis

295 2330 329 2385 ut
341 2344 429 2403 supro
441 2324 543 2386 eodem
555 2324 802 2385 Archidieconstu
815 2326 848 2385 iu
860 2324 1012 2403 principio.

354 2495 546 2551 WAPPthE
574 2486 690 2547 Videris
702 2487 735 2547 in
754 2486 873 2547 ecclesie
892 2486 930 2547 de
944 2485 1118 2565 Wsterpirie
1137 2504 1195 2565 que
1212 2493 1258 2547 est
1270 2485 1397 2547 Abbetis

295 2572 325 2627 et
345 2568 516 2631 Conventus
536 2567 606 2629 Osn'
619 2568 790 2629 auctoritete
809 2568 926 2629 concilii
952 2568 1086 2628 ordiuete
1109 2569 1244 2629 consistit
1262 2567 1396 2628 similiter

294 2668 347 2725 per
362 2649 459 2710 omnic
472 2654 507 2709 ut
520 2668 607 2728 suprs
620 2648 720 2709 ecdem
733 2648 980 2710 Archidieconstu
995 2650 1030 2709 in
1041 2649 1193 2727 principio.

357 2819 608 2881 ftossvtsuuu.
634 2809 1179 2888 Vicerisinecclesiedeffcrethullque
1187 2808 1396 2869 osteoruudem

296 2892 422 2953 Abbotis
435 2896 466 2951 et
478 2890 649 2952 Conventus
661 2891 730 2951 Osn’
741 2893 911 2952 unctorItete
924 2892 1040 2952 concilii
1053 2892 1186 2952 ordinate
1198 2891 1332 2951 consistit
1344 2910 1396 2968 per

296 2974 395 3034 omnis
407 2978 441 3033 ut
454 2991 541 3049 snpre
554 2972 654 3031 eodem
670 2972 915 3033 Archidiecouetu
927 2974 961 3032 in
972 2972 1124 3050 principio.

358 3142 556 3197 Esset-'sun
583 3132 701 3196 Vioeris
714 3134 747 3194 iu
767 3132 886 3193 ecclesis
904 3134 941 3194 de
954 3132 1093 3194 Eleefeud
1112 3152 1170 3212 que
1187 3138 1232 3193 est
1245 3132 1354 3193 Prioris
1365 3137 1396 3193 et

297 3215 468 3275 Conventus
487 3214 595 3275 Ssncte
613 3214 797 3275 Fredeevide
822 3213 916 3275 Oxon¹
937 3215 1107 3275 auctoritate
1127 3214 1243 3275 concilii
1264 3214 1397 3274 ordinate

295 3294 428 3355 consistit
451 3294 484 3353 in
507 3294 644 3355 omnibns
667 3296 896 3356 obvencicnibue
919 3295 1018 3355 ulteris
1040 3314 1109 3355 cnm
1131 3296 1254 3355 minutis
1275 3294 1395 3356 decimis

295 3377 389 3435 totius
405 3374 540 3452 perochie
559 3379 589 3435 et
608 3376 641 3436 iu
660 3376 780 3437 decimis
799 3374 881 3436 bledi
903 3382 934 3437 et
952 3377 1015 3437 feni
1034 3376 1274 3454 provenientibus
1285 3376 1396 3435 scilicet

295 3475 367 3534 ques
381 3456 557 3515 Humiridus
577 3462 607 3516 et
622 3455 799 3519 Willielmos
812 3458 908 3517 Finch
928 3462 1086 3518 tenuerunt
1104 3458 1138 3517 in
1157 3456 1258 3517 eedem
1277 3456 1350 3516 ville
1365 3462 1395 3516 et

294 3538 328 3596 in
342 3554 401 3597 uno
413 3556 478 3597 ecre
491 3542 565 3595 terre
578 3537 694 3599 erabilis
707 3539 802 3599 eidem
815 3540 923 3599 viceris
941 3558 993 3616 per
1005 3540 1129 3616 priorem
1141 3537 1315 3615 ωείςιιιιιιᾰιι
1327 3554 1395 3597 cum

295 3617 431 3678 domibus
444 3625 474 3678 et
484 3616 605 3679 edificiis
615 3619 668 3679 ubi
681 3620 846 3697 cepellsnus
858 3622 1011 3681 consuevit
1020 3620 1151 3681 habitere
1161 3625 1191 3679 et
1200 3620 1279 3679 velet
1287 3618 1395 3679 viceris

295 3718 316 3759 v
329 3700 422 3759 merc’.
463 3698 573 3759 Totolis
586 3704 685 3759 eutem
697 3701 817 3761 ecclesie
828 3702 882 3778 viij
897 3702 990 3761 merc’.

357 3868 575 3925 HEDENDON:
597 3860 714 3922 Viceris
726 3862 759 3921 in
772 3862 891 3921 ecclesie
904 3862 941 3923 de
951 3861 1117 3923 Hedendon
1129 3881 1187 3939 que
1196 3866 1242 3921 est
1250 3860 1394 3921 dictorum

296 3942 404 4001 Prioris
427 3947 458 4002 et
478 3941 648 4002 Conventus
675 3942 706 4004 S.
728 3942 912 4003 Fredesvvide
934 3944 1104 4005 auctoritate
1127 3942 1243 4003 concilii
1262 3941 1395 4001 ordinate

295 4022 427 4083 consistit
450 4024 482 4083 iu
507 4023 642 4083 omnibus
666 4023 894 4084 obvencicnibue
917 4024 1016 4085 ulteris
1038 4044 1105 4085 cum
1127 4025 1251 4083 minutis
1273 4022 1394 4081 decimis

295 4103 386 4163 totins
399 4104 533 4181 parochie
547 4105 675 4181 exceptis
689 4104 808 4165 decimis
824 4124 966 4183 agnorum
985 4111 1015 4166 et
1034 4106 1154 4166 decimis
1166 4106 1242 4165 ossei
1255 4104 1292 4163 de
1305 4102 1394 4164 Curis

295 4184 407 4244 domini
433 4186 671 4261 provenientibus
698 4204 770 4262 ques
797 4186 881 4245 Prior
907 4193 937 4246 et
963 4187 1105 4248 Cenonici
1131 4186 1189 4245 sibi
1214 4184 1391 4245 retinebunt.

296 4266 426 4325 Habebit
452 4270 548 4325 sutem
576 4266 700 4325 vicarius
726 4267 829 4327 domos
854 4273 885 4327 et
910 4268 1019 4327 curium
1042 4268 1075 4327 in
1098 4266 1207 4344 quibus
1227 4264 1393 4343 cupellenus

196 4363 199 4371 ’
294 4366 410 4407 monere
433 4346 591 4407 consuevit.
634 4348 673 4407 Et
695 4348 774 4407 velet
796 4348 903 4409 viceris
926 4368 946 4410 v
969 4349 1054 4409 merc’
1075 4353 1104 4408 et
1124 4347 1258 4425 emplius
1300 4345 1393 4405 Tutel'

294 4435 390 4489 eutem
405 4428 524 4489 ecclesie
535 4428 643 4505 viginti
655 4428 749 4491 mero¹.
