3192 5367
628 539 785 594 nnooms
807 540 931 595 wnms
1291 528 1332 589 85

232 710 304 752 usus
317 691 531 769 imperpetuum
543 693 636 751 totam
649 688 791 751 decimam
810 688 962 767 garbarum
981 688 1019 749 de
1032 686 1185 749 dominicis
1198 687 1333 768 Hngonis

233 773 271 833 de
285 771 395 833 Alneto
416 778 447 833 et
465 771 621 831 Willielmi
639 772 668 831 le
687 770 810 845 Mansel,
834 775 864 830 et
883 788 984 829 omnes
1002 770 1131 830 minutas
1152 769 1276 831 decimas
1298 773 1334 832 de

233 854 313 914 ouda
335 854 409 914 dicti
427 854 531 931 prioris
553 854 587 913 in
609 853 711 914 eadem
730 852 811 925 villa,
826 855 856 911 st
875 851 1060 911 medietatem
1078 850 1229 928 garbarum
1243 854 1334 913 totius

232 934 342 994 residm
367 934 499 1011 ejusdem
525 934 669 1011 parochie,
697 952 764 993 cum
789 932 966 993 tenementis
992 931 1147 993 Willielmi
1180 932 1217 992 de
1244 934 1332 1009 Alno,

233 1016 352 1075 Ricardi
376 1015 517 1092 Bigebon,
545 1019 576 1074 et
601 1015 712 1075 Heruei
734 1018 764 1075 et
787 1013 893 1087 Sailde,
919 1032 986 1073 oum
1013 1013 1141 1073 serviciis
1167 1016 1332 1076 eorundem.

233 1097 389 1174 Reliquam
407 1115 476 1157 vero
496 1096 682 1156 medietatem
701 1094 832 1172 ejusdem
852 1095 969 1155 ecclesie
989 1093 1131 1155 Ricardus
1144 1093 1181 1155 de
1195 1095 1333 1157 Wiostun

233 1178 363 1252 clericus,
376 1196 464 1255 quem
487 1176 525 1237 ad
548 1196 647 1237 eorum
670 1176 917 1255 presentationem
939 1175 979 1235 sd
1002 1175 1123 1235 eandem
1148 1176 1334 1237 medietatem

233 1259 403 1319 admisimus
415 1263 446 1318 et
458 1259 491 1319 in
504 1278 538 1318 ea
550 1277 702 1335 personam
714 1258 905 1332 instituimus,
916 1260 947 1317 et
960 1274 1134 1317 successores
1147 1257 1194 1315 sui
1206 1258 1291 1317 nobis
1305 1264 1334 1319 et

234 1340 445 1399 successoribus
457 1340 594 1399 nostrisa
611 1339 742 1417 predicto
760 1339 856 1417 priore
870 1343 900 1398 et
913 1342 1060 1399 conventu
1073 1337 1102 1399 S.
1119 1337 1150 1397 N
1151 1338 1210 1398 eoti
1223 1358 1334 1417 semper

155 1494 159 1499 ῃ
234 1422 372 1497 quociens
384 1421 450 1498 ipsa
460 1420 601 1481 medietas
611 1420 755 1480 vacaverit
764 1419 952 1499 presentandi
962 1423 991 1478 et
1004 1419 1140 1479 canonice
1150 1419 1335 1495 instituendi,

233 1503 345 1579 integre
357 1506 388 1562 et
400 1506 540 1579 perpetuo
552 1501 751 1579 possidebunt
794 1500 859 1576 Qua
870 1500 989 1578 quidem
1002 1500 1142 1560 medietas
1155 1501 1289 1561 consistit
1302 1502 1335 1561 in

233 1588 298 1644 tota
320 1582 377 1643 alia
397 1583 554 1643 medietate
577 1583 730 1659 garbarum
752 1582 895 1659 parochie,
910 1585 941 1641 et
963 1582 996 1641 in
1016 1585 1079 1641 toto
1093 1580 1238 1658 dtsragiq
1253 1587 1282 1641 et
1301 1582 1335 1642 iu

233 1668 401 1724 tenemento
420 1664 576 1724 Willielmi
596 1663 737 1724 Monaobi
755 1667 787 1722 et
805 1662 918 1722 anbni
938 1667 968 1722 et
987 1662 1123 1738 Hugonis
1140 1662 1254 1723 Satoris
1268 1668 1334 1723 edm

234 1746 363 1805 serviciis
376 1746 541 1805 eorundem
584 1744 770 1822 Mesuagium
782 1744 874 1804 eciam
887 1762 953 1803 oum
967 1743 1088 1821 gardino
1102 1743 1182 1819 quod
1195 1743 1336 1821 Magister

234 1826 382 1887 Guarinus
401 1828 498 1887 tenuit
516 1826 554 1885 de
572 1826 720 1885 dominico
733 1826 767 1887 S.
781 1826 878 1899 Neoti,
891 1825 969 1885 deut
981 1842 1064 1884 muro
1080 1830 1111 1885 et
1123 1824 1231 1885 fossato
1245 1826 1336 1887 inolu-

234 1906 324 1981 ditur,
337 1911 539 1968 concessemnt
562 1906 659 1967 dictm
683 1906 761 1985 prior
783 1910 815 1966 et
837 1910 998 1966 conventus
1017 1904 1147 1983 predicto
1160 1905 1285 1966 Ricardo
1306 1912 1336 1967 et

234 1989 445 2048 successoribus
470 1989 531 2049 suis
557 1989 774 2065 imperpetuum
799 1986 983 2065 possidenda.
1033 1986 1168 2047 Preterea
1194 1987 1336 2048 decimam
1402 2042 1405 2047 ,

234 2069 468 2130 molendinorum
497 2069 590 2147 ipsius
616 2068 751 2147 parochie
778 2073 809 2129 et
841 2070 961 2145 insuper
994 2086 1166 2145 quecunque
1199 2069 1336 2147 deinceps

234 2151 386 2227 adquirere
398 2152 534 2229 potuerit,
548 2156 697 2228 tamquam
712 2151 763 2226 jus
782 2154 814 2209 et
832 2149 1025 2228 pertinencias
1040 2149 1158 2210 ecclesie
1169 2156 1335 2225 memorate,

234 2233 447 2309 interseplene
457 2237 486 2291 et
496 2232 621 2291 fideliter
630 2230 838 2304 dimidiabunt,
848 2236 878 2291 et
888 2230 986 2291 omnia
995 2232 1337 2309 oneratamepiscopalie

235 2318 266 2373 st
288 2313 529 2373 archidiaconalia
552 2332 640 2390 quam
663 2312 721 2372 alia
741 2312 866 2390 quilibet
889 2330 941 2389 pro
964 2312 1100 2390 porcione
1123 2330 1176 2371 sue
1196 2314 1336 2390 equaliter

235 2394 430 2455 sustinebunt
473 2393 569 2456 Salvis
587 2394 621 2453 in
640 2393 776 2453 omnibns
795 2392 847 2453 dcc.
889 2392 930 2453 Et
949 2397 984 2452 ut
1003 2392 1057 2453 hec
1077 2397 1176 2453 nostra
1189 2394 1335 2453 concessio

235 2474 287 2536 dcc.
330 2475 466 2536 Testibus
488 2481 518 2536 et
538 2472 607 2536 Dat’
627 2478 663 2535 ut
685 2492 773 2553 supra
793 2474 828 2534 in
851 2478 930 2535 carta
942 2474 1017 2551 silit
1033 2474 1220 2551 pontificatus
1243 2475 1336 2535 nostri

235 2574 313 2617 anno
325 2575 411 2618 nono.

296 2715 346 2770 0*
360 2716 396 2769 ΙΝ
411 2714 594 2771 sonutam
608 2714 656 2769 ΒΕ
670 2712 911 2768 DONlNG'l'ON’.

295 2781 450 2842 Universis
463 2782 510 2842 tc
552 2780 678 2841 Noverit
690 2779 866 2840 universitas
879 2781 975 2838 vestra
987 2795 1041 2838 nos
1055 2777 1092 2838 de
1102 2796 1220 2838 assensu
1231 2778 1337 2858 Rogeri

214 2862 348 2922 -Decani
370 2866 401 2922 et
414 2862 546 2939 Capituli
567 2861 661 2921 nostri
680 2859 762 2920 Lino'
776 2860 877 2920 divine
900 2860 1018 2937 pietatis
1040 2860 1154 2919 intuitu
1173 2859 1286 2921 dedisse
1307 2867 1337 2921 et

237 2943 409 3004 concessisse
422 2943 536 3003 dilectis
548 2942 583 3002 in
597 2942 715 3003 Christo
727 2942 797 3003 filiis
810 2942 900 3018 priori
913 2946 944 3001 et
957 2941 1115 3000 conventui
1127 2940 1164 3001 de
1177 2941 1337 3001 Trentbam

236 3029 354 3084 centnm
365 3024 475 3084 solidos
487 3025 520 3083 in
537 3023 656 3083 ecclesia
674 3023 712 3082 de
725 3021 909 3099 Dunington'
922 3040 980 3100 qne
1000 3022 1037 3081 da
1050 3040 1148 3082 eorum
1161 3028 1206 3082 est
1219 3022 1338 3083 advoca·

236 3106 318 3166 cione
332 3105 484 3166 annuafim
503 3104 623 3165 nomine
641 3104 775 3183 perpetui
794 3103 929 3163 benefidi
947 3102 1147 3181 percipiendos
1166 3122 1218 3181 per
1233 3124 1337 3165 manus

236 3186 343 3247 Salom'
370 3186 511 3264 capellani
535 3204 624 3263 quem
656 3185 695 3245 ad
721 3184 967 3262 presentationem
993 3184 1151 3245 eorundem
1176 3186 1280 3263 prioris
1303 3191 1338 3246 et

236 3272 397 3328 conventus
423 3267 462 3328 ad
487 3267 609 3328 eandem
634 3266 785 3327 ecclesiam
811 3266 981 3326 admisimus
1008 3270 1038 3325 et
1064 3266 1097 3324 in
1124 3284 1158 3325 es
1184 3286 1337 3344 personam

235 3349 427 3425 instituimus,
437 3354 468 3409 et
480 3366 675 3408 successorum
683 3366 802 3407 suornm
815 3347 867 3423 qui
879 3365 932 3426 pro
945 3352 1004 3407 tem
1043 3366 1074 3407 re
1086 3347 1218 3407 instituti
1226 3348 1337 3408 fuerint

235 3430 268 3489 in
290 3430 399 3492 eadem
441 3430 538 3489 Debet
559 3434 657 3489 autem
679 3428 760 3489 idern
782 3428 928 3505 Sampson
951 3365 1072 3509 (modoet
1092 3446 1267 3489 successores
1290 3431 1337 3489 sui

235 3512 334 3571 omnia
352 3530 440 3573 onera
461 3515 524 3571 tam
547 3509 721 3589 episcopalia
742 3528 832 3586 quam
855 3508 1095 3570 archidiaconalia
1116 3510 1198 3570 illius
1219 3510 1337 3571 ecclesis

235 3593 386 3653 sustinere.
428 3592 525 3654 Salvis
537 3590 571 3651 in
586 3592 722 3652 omnibns
735 3590 787 3651 dcc
831 3590 872 3649 Et
891 3594 925 3651 ut
944 3590 999 3649 hec
1018 3592 1163 3651 concessio
1175 3596 1275 3653 nostra
1288 3593 1335 3653 bo.

235 3672 370 3735 Testibus
383 3678 414 3735 st
426 3672 496 3735 Dat'
508 3676 643 3751 utsupra
655 3674 689 3733 in
701 3677 780 3733 carta
791 3690 879 3747 nona,
893 3690 970 3732 auno
983 3690 1070 3734 nono.

296 3851 316 3903 d
328 3849 480 3905 Αυκευε
492 3836 526 3896 ira
539 3836 690 3895 medietate
702 3835 813 3896 eccleis
826 3835 862 3894 de
875 3835 992 3910 Beaeby.

296 3917 450 3978 Universis
477 3918 523 3977 bc.
568 3917 694 3977 Noverit
726 3916 901 3976 universitas
925 3921 1022 3977 vestra
1047 3933 1102 3975 nos
1128 3915 1166 3975 de
1193 3935 1334 3976 consensu

236 3997 342 4076 Rogeri
361 3997 474 4057 Decani
493 4003 524 4058 et
542 3997 673 4076 Capituli
684 3996 767 4057 Linc'
780 3997 881 4057 divine
905 3998 1024 4074 pietatis
1046 3996 1159 4066 intuitu
1178 3996 1291 4056 dedisse
1305 4002 1336 4057 et

235 4079 408 4140 ooncemisse
421 4078 535 4140 dilectis
548 4080 582 4139 in
595 4079 713 4141 Christo
726 4079 795 4139 filiis
808 4078 903 4137 Priori
916 4083 946 4137 et
960 4079 1128 4140 Conventui
1140 4078 1177 4137 do
1191 4077 1335 4155 Markeby

236 4180 329 4221 unum
347 4178 467 4220 aureum
488 4161 522 4220 in
547 4161 702 4221 medietate
721 4160 840 4220 ecclesis
860 4158 896 4219 de
919 4158 1042 4236 Beseby,
1063 4177 1120 4236 que
1140 4159 1279 4219 medietas
1299 4158 1336 4221 de

235 4260 335 4302 eorum
349 4241 541 4302 advocacions
558 4246 611 4316 est,
625 4241 744 4302 nomine
763 4240 897 4319 perpetui
916 4240 1049 4301 beneficii
1061 4240 1192 4317 singulis
1205 4240 1290 4299 annis
1305 4240 1338 4300 in

236 4324 313 4385 festo
336 4322 367 4385 8.
392 4322 547 4384 Michaelis
572 4321 792 4401 percipiendum
818 4340 870 4403 per
893 4340 999 4383 mansus
1025 4319 1136 4385 lbome
1162 4320 1200 4380 de
1222 4320 1339 4382 Norton
