3192 5367
605 606 761 661 suenrus
783 608 908 661 wams.
1266 592 1337 657 49·

192 760 195 767 ’
210 756 241 812 et
252 752 332 829 prior
344 758 374 814 et
386 759 547 815 conventus
560 756 754 833 procurabunt
773 754 938 833 hospicium
957 755 1153 815 archidiaconi
1165 760 1196 816 et
1209 760 1308 818 omnia

210 834 562 994 iiiigffiffstinebm
603 838 643 897 Et
651 836 862 914 estvioarieiiij
873 855 1032 899 marcarum
1042 837 1307 900 atxldenariorum

182 1072 184 1075 ¹
270 1092 452 1145 οιΑΧΕΒΥ.
492 1077 609 1141 Vioario
627 1081 660 1139 in
680 1079 798 1141 ecelesia
814 1080 852 1139 de
865 1078 997 1157 Claxeby
1010 1081 1303 1158 qaeestecrumdem

211 1158 457 1218 consistitintcto
465 1159 1083 1238 altaregiooumtoftoetterreadecclesiam
1092 1162 1306 1238 pertinentibus

210 1258 311 1299 versus
324 1239 489 1317 aquilonem
503 1246 533 1303 et
551 1244 584 1305 in
604 1241 723 1303 decimis
742 1242 895 1319 garbarum
914 1242 1038 1301 dominii
1050 1242 1187 1303 Ysabelle
1207 1245 1306 1304 uxoris

210 1319 333 1379 Bald'ici
346 1320 383 1380 de
396 1321 540 1381 Brendale
552 1322 600 1383 vel
613 1324 646 1382 in
659 1322 778 1383 decimis
788 1323 861 1383 dieti
870 1323 1009 1383 dominici
1017 1323 1183 1401 quicunque
1193 1324 1305 1385 dictum

210 1400 389 1461 dominicam
400 1404 527 1464 tenuerit
539 1404 588 1465 vel
600 1404 766 1482 possederit.
808 1404 849 1465 Et
861 1410 907 1465 est
918 1404 1027 1464 vicaria
1039 1424 1060 1465 v
1072 1424 1239 1467 marearum

271 1577 433 1633 ΒυῃτοΝ.
472 1562 590 1625 Vinaria
608 1565 642 1625 in
660 1564 778 1625 ecclesia
797 1564 835 1625 de
855 1562 990 1625 Barthon
1008 1584 1066 1642 que
1082 1570 1127 1625 est
1140 1567 1306 1628 eorumdem
1355 1633 1359 1654 .

209 1644 342 1703 consistit
354 1644 387 1703 in
399 1649 462 1705 toto
481 1645 618 1725 eltaragio
638 1666 705 1706 cum
724 1646 802 1707 tofto
821 1645 901 1724 quod
919 1646 979 1705 fuit
990 1646 1129 1706 Thoraldi
1141 1650 1306 1725 parmatarii

208 1743 300 1803 usque
321 1724 489 1785 orientalem
508 1731 620 1805 partem
639 1728 756 1787 ecclesie
775 1746 843 1787 cum
862 1731 986 1805 quatuor
1005 1727 1077 1787 acris
1097 1733 1171 1787 terre
1191 1730 1307 1790 arabilis

207 1806 421 1883 pertinentibus
434 1806 471 1867 ed
492 1808 639 1867 ecclesiam
659 1812 689 1867 et
708 1809 741 1868 in
761 1808 881 1867 decimis
899 1807 1052 1885 garbarum
1071 1810 1163 1868 totius
1183 1810 1307 1871 dominii

208 1887 516 1965 priorisetconventus
524 1888 929 1949 deFrestonineademvilla
972 1889 1012 1948 Et
1021 1890 1145 1950 moedus
1153 1892 1305 1951 annuatim

208 1968 302 2027 solvet
314 1969 515 2029 tantummodo
530 1970 680 2047 synodalia
693 1970 792 2047 stipsi
805 1971 885 2047 prior
896 1975 926 2029 et
938 1976 1100 2031 conventus
1109 1973 1305 2049 procurabunt

207 2048 1304 2129 hospiciumArchidiaconietomniaaliaonerainperpetuumsuatinebunt.

208 2128 313 2189 Petrus
326 2130 363 2189 de
376 2130 537 2207 Mintinges
547 2151 599 2208 per
608 2132 734 2192 multum
744 2137 861 2210 tempus
869 2132 968 2193 initia
978 2133 1155 2211 possessione
1165 2139 1305 2214 tanquam

207 2210 341 2271 vicarius.
381 2210 422 2271 Et
435 2216 479 2273 est
492 2212 599 2272 vicaria
612 2232 632 2273 v
645 2232 813 2274 marcarum.

270 2386 466 2442 ιΕΚΕΒυΒΝ
494 2368 660 2457 [Βερῦιινη]
701 2373 820 2435 Vioaria
831 2374 865 2433 in
878 2373 997 2435 eeclesia
1010 2374 1212 2437 deLekebarn
1222 2378 1306 2455 eujus

207 2452 347 2513 medietas
361 2458 405 2513 est
417 2454 548 2532 magistri
562 2460 591 2515 et
604 2456 775 2517 monialium
788 2456 825 2516 de
839 2454 996 2515 Iekebum
1010 2452 1132 2539 {blant}

268 2629 532 2684 stersicorus
557 2612 757 2701 [maesschap.
792 2577 1080 2679 vassenensis
1092 2618 1129 2677 ee
1140 2616 1306 2695 sdflmeby

208 2696 290 2773 cujas
303 2697 441 2759 medietas
455 2704 498 2759 est
512 2699 676 2759 earumdem
689 2695 812 2781 [dioclet

684 2858 747 2943 [ro.
765 2858 842 2942 req.

271 2982 493 3039 mutaturos.
533 2967 651 3029 Vicaria
668 2968 701 3027 in
719 2966 838 3028 ecdesia
850 2966 887 3027 de
901 2966 1057 3027 Hallinton
1070 2968 1153 3044 qu'as
1165 2966 1306 3029 medietas
1325 3030 1328 3035 ,

208 3057 253 3113 est
283 3054 320 3112 de
350 3051 540 3111 advocaoione
567 3050 732 3109 earumdem
762 3048 897 3109 consistit
925 3048 958 3107 in
985 3050 1049 3108 toto
1077 3048 1215 3127 ¹altatagio
1238 3069 1305 3109 cum

132 3196 135 3203 ,
208 3133 285 3193 tofto
318 3130 498 3209 assignando.
553 3130 595 3190 Et
627 3130 752 3191 vicarius
789 3130 942 3189 meatim
975 3129 1070 3189 solvet
1101 3131 1305 3189 tantummodo

207 3214 358 3291 synodalia
384 3216 414 3273 ct
440 3213 575 3288 magister
608 3216 637 3271 et
671 3216 831 3272 conventus
865 3211 902 3270 de
928 3210 1084 3270 Lekeburn
1110 3212 1307 3289 procurabunt

207 3294 370 3374 hospicium
384 3294 589 3353 Archidiaooni
604 3297 634 3352 st
652 3297 746 3353 cetere
765 3311 853 3352 onera
870 3293 904 3351 in
923 3296 1096 3369 perpetuum
1108 3293 1304 3353 sustinebunt

207 3376 248 3437 Et
261 3382 306 3436 est
318 3376 426 3436 vicaria
438 3375 482 3452 iiij
497 3392 665 3435 marcarum.

269 3576 516 3633 ΡΑῃιεετοῃΡ,
562 3560 680 3621 Vinaria
706 3560 739 3618 in
766 3558 885 3620 ecclesia
917 3560 967 3642 de,
987 3559 1152 3638 Farlestorp
1178 3579 1237 3638 que
1262 3565 1307 3621 est

207 3644 372 3707 earumdem
385 3644 519 3704 consistit
534 3644 567 3703 in
586 3646 650 3701 toto
669 3640 806 3719 ultersgio
826 3659 893 3701 cum
912 3646 976 3701 tota
994 3646 1070 3701 terra
1082 3646 1112 3702 et
1124 3647 1208 3719 pmte
1221 3643 1307 3720 perti·

207 3726 346 3789 uentibus
373 3725 412 3786 ad
437 3724 585 3784 ecelesiam
615 3727 645 3782 et
678 3741 744 3781 oum
772 3722 929 3781 medietate
954 3722 1066 3781 decime
1092 3722 1155 3782 feni
1181 3722 1306 3783 dominii

207 3806 363 3869 Willielmi
376 3806 413 3865 de
423 3804 587 3881 Farlestorp
600 3804 633 3862 in
642 3802 807 3881 Farlestorp
820 3808 851 3862 et
862 3804 896 3862 in
906 3802 991 3863 Otoft
1004 3822 1069 3862 cum
1079 3804 1155 3863 tofto
1165 3808 1195 3863 et
1204 3823 1305 3863 manso

206 3888 422 3968 pertinentibus
445 3886 483 3945 ad
506 3886 614 3945 dictam
637 3884 785 3945 ecelesiam
809 3884 846 3943 de
865 3884 1029 3961 Farlestorp
1049 3889 1171 3961 excepta
1189 3886 1307 3962 grangia

207 3989 273 4030 oum
286 3968 378 4029 libero
391 3968 515 4027 introitu
529 3973 559 4028 et
573 3966 661 4026 exitu
706 3965 770 4041 Quo
783 3965 902 4043 grangia
913 3965 945 4023 in
959 3970 1131 4043 perpetuum
1144 3966 1306 4026 remanebit

207 4052 292 4111 dictis
318 4050 455 4126 magistro
489 4054 518 4107 et
545 4048 702 4107 conventui
736 4047 772 4106 de
805 4046 962 4105 Lukeburn
995 4046 1033 4105 ad
1065 4046 1186 4106 bladum
1219 4064 1305 4105 suum

206 4130 412 4209 reponendum.
455 4128 496 4189 Et
515 4129 639 4189 vicarius
659 4129 753 4188 solvet
772 4126 974 4187 tantummodo
994 4126 1153 4205 synodalia
1194 4126 1235 4186 Et
1247 4128 1305 4203 ipsi

206 4214 341 4291 magister
354 4216 383 4270 et
397 4214 557 4270 conventus
570 4210 764 4288 procurabunt
773 4208 936 4285 hospicium
949 4207 1156 4268 Archidiaconi
1169 4212 1199 4266 et
1212 4212 1305 4266 cetera

207 4315 292 4355 onera
304 4295 338 4353 in
351 4297 523 4371 perpetuum
536 4291 730 4351 sustinebunt.
772 4287 813 4347 Et
826 4293 870 4348 est
883 4288 990 4348 visana
1001 4289 1046 4365 iiij
1061 4306 1228 4348 marcarum.

739 4475 763 4529 D
