3192 5367
620 490 777 565 scaonis
799 510 923 564 wana
1289 498 1330 561 35

716 656 780 741 [so.
798 660 873 735 1121.

294 782 324 835 S.
355 780 565 846 MlGHAEUS,
594 778 899 835 nonsummum
946 764 1063 826 Vicetia
1086 764 1120 824 in
1147 764 1266 827 ecclesia
1297 767 1328 830 S.

233 846 387 907 Michaelis
416 846 642 923 Northarnpion’
670 864 726 923 qne
754 850 798 906 osi
828 845 986 907 eorundem
1015 847 1185 907 anctoritate
1212 850 1330 910 concilii

233 928 366 989 ordinata
373 932 417 988 esi
425 928 474 989 sia
502 927 637 988 Vicarius
644 926 765 987 habebit
774 926 1005 988 nominavicarie
1014 932 1169 987 eusiciam
1178 930 1327 991 ecclesiam

232 1008 314 1069 illam
327 1008 474 1069 reddendo
487 1008 557 1069 inde
570 1008 658 1069 dictis
670 1007 821 1068 monachis
829 1010 981 1069 aunuatim
990 1013 1115 1087 quatuor
1124 1027 1233 1070 marcas
1246 1017 1276 1072 ei
1289 1012 1327 1072 de

233 1089 415 1169 sinodalibus
427 1094 545 1150 tentum
557 1088 765 1167 respondendo.

294 1266 458 1319 wtnow
495 1251 613 1312 Vicetia
639 1251 672 1311 in
698 1250 818 1311 ecclesia
843 1250 881 1310 de
906 1250 1025 1312 Wedon
1050 1271 1108 1330 que
1137 1257 1183 1313 eet
1215 1253 1331 1315 abbatis

234 1332 264 1393 S.
294 1332 416 1393 aniani
448 1332 601 1393 leuacan'
628 1332 799 1393 auctoritate
832 1332 949 1392 concilii
978 1332 1111 1393 ordinata
1138 1336 1273 1395 consistit
1295 1337 1329 1395 in

234 1412 353 1473 decimis
379 1412 1214 1491 garbarumxiivirgctarumetdimidieeiiniercia
1246 1420 1329 1493 pario

233 1496 325 1555 botius
351 1494 481 1572 allaragii
506 1494 635 1573 exceptis
668 1494 791 1555 minnds
824 1494 944 1554 decimis
977 1494 1014 1555 de
1047 1496 1127 1555 curia
1153 1496 1266 1555 domini
1298 1503 1329 1557 et

234 1576 434 1637 oblacionibus
460 1576 498 1636 ad
522 1576 659 1655 reliquias
685 1574 804 1635 ecdcsie
830 1574 867 1635 de
892 1573 1011 1636 Wedon
1035 1575 1274 1653 provenientibus
1300 1583 1331 1639 ei

234 1656 486 1797 οξωξὲἳωοαὲᾶὼ
497 1657 531 1717 in
544 1658 596 1797 diet
604 1656 816 1797 puriiiricaciouis
828 1656 918 1715 Beate
938 1656 1038 1717 Maria
1080 1658 1121 1719 Ei
1132 1658 1211 1719 valet
1224 1659 1331 1719 vicarie

235 1756 308 1798 sico
433 1756 582 1799 vmarcc
609 1756 676 1816 amp
698 1756 741 1799 ns

584 1839 977 1893 'hemundi-“md

298 1989 439 2043 ΕεεΕΒΥ
452 1970 717 2057 [ῦαποηίοονπηι*].
746 1974 906 2035 Vicarisin
916 1974 1035 2035 ecclesio
1044 1974 1082 2035 dc
1092 1974 1203 2054 Fssobp
1215 1994 1273 2053 quo
1286 1980 1332 2037 est

236 2056 339 2135 p1ioris
360 2060 391 2115 et
413 2061 574 2117 conventus
594 2055 704 2116 ibidem
724 2055 895 2116 auctoritaie
917 2056 1034 2125 concilii
1057 2056 1189 2117 ordinata
1211 2062 1256 2117 est
1279 2060 1328 2119 sic

236 2138 371 2197 Vicorins
384 2136 505 2197 babebit
516 2138 635 2198 nomine
648 2142 786 2215 perpetue
799 2136 905 2197 vicarie
928 2136 988 2197 sibi
1000 2142 1031 2196 et
1043 2136 1165 2198 diacono
1178 2158 1232 2199 suo
1244 2157 1333 2216 quom

237 2218 390 2279 invenient
401 2219 560 2278 necessarie
572 2219 668 2278 victam
679 2218 712 2277 in
722 2217 850 2295 prioratu
860 2236 926 2277 cum
936 2218 1036 2278 debita
1044 2218 1196 2280 honestate
1205 2225 1235 2280 et
1244 2240 1331 2281 xxxo.

236 2318 348 2359 annuos
361 2318 414 2377 pro
427 2298 599 2377 stipendiis:
618 2298 739 2359 habebit
752 2300 844 2359 eciem
858 2298 1019 2359 secundum
1037 2300 1165 2377 legatum
1181 2320 1275 2378 usqm
1294 2302 1335 2361 ed

130 2442 133 2451 Δ
237 2380 299 2457 vjd
326 2386 357 2440 eb
383 2380 462 2457 quod
487 2380 565 2440 nitra
590 2380 680 2441 inani
705 2380 763 2457 ipsi
782 2381 914 2441 canonici
933 2386 963 2441 ct
982 2382 1107 2441 vicarius
1126 2382 1331 2441 dimidiabunt.

238 2460 316 2521 Ibem
329 2460 449 2521 habebit
461 2461 494 2521 in
507 2467 631 2539 quatuor
654 2459 864 2539 principalibus
887 2461 970 2522 iestis
993 2463 1064 2521 anni
1083 2462 1248 2523 oblaciones
1267 2482 1334 2521 suas

238 2542 347 2602 scilicet
371 2542 418 2601 die
440 2542 533 2603 natali
545 2542 607 2621 iijd
633 2547 663 2601 ei
686 2547 808 2619 unoque
820 2542 943 2602 aliorum
955 2543 1095 2603 festorum
1107 2543 1147 2603 id
1162 2548 1193 2603 ei
1205 2549 1334 2621 preterea

237 2622 278 2683 id
313 2642 380 2683 cum
403 2642 506 2700 corpus
531 2624 619 2683 fuerit
647 2642 772 2701 presens.
816 2622 957 2685 canonici
988 2629 1088 2683 autem
1119 2624 1273 2684 inveniant
1305 2625 1334 2684 ci

237 2704 413 2781 palefridum
432 2704 470 2765 ad
489 2704 626 2764 sinodum
645 2704 683 2763 ad
703 2704 860 2782 capitulam
880 2708 910 2764 ob
936 2705 974 2765 ad
997 2704 1127 2765 infirmos
1152 2724 1220 2765 cum
1245 2705 1334 2765 fuerit

238 2790 396 2845 necessest
409 2786 597 2846 sustinebuni
610 2784 707 2846 omnia
721 2804 808 2845 onera
819 2785 901 2845 illius
914 2785 1031 2846 ecclesie
1045 2786 1145 2846 debita
1156 2790 1188 2845 oi
1197 2792 1334 2846 consueta

239 2870 268 2925 et
281 2865 401 2926 habebit
414 2867 540 2927 vicarius
551 2885 686 2931 mansum
705 2872 787 2927 extra
799 2871 914 2944 portem
926 2868 1069 2945 prioratus
1082 2885 1170 2945 quem
1190 2866 1335 2927 Hauricus

225 2946 317 3007 'filius
325 2947 454 3009 Simonis
463 2948 560 3008 tenuit
569 2966 657 3025 quem
670 2948 803 3008 canonici
815 2948 844 3008 ei
855 2948 1017 3009 invenient

683 3052 892 3095 manturna.

301 3198 579 3254 ΒιΑκοιυεειΕ,
619 3184 736 3245 Vicaria
754 3185 788 3244 in
807 3184 927 3246 ecclesia
946 3184 983 3245 ds
1002 3179 1186 3246 Blalrolucslc
1208 3204 1266 3263 que
1289 3191 1334 3247 est
1419 3264 1423 3269 .

239 3264 502 3343 Hospitalariorum
539 3262 709 3407 {dotahim
729 3266 876 3327 ordinacio
895 3266 985 3345 hujus
1018 3266 1124 3327 vicarie
1157 3267 1190 3326 in
1223 3267 1333 3327 Roiulo

238 3346 360 3406 Robcrd
373 3348 520 3425 quondam
566 3348 672 3407 incoln'
692 3348 821 3426 episcopi
839 3366 917 3408 enno
936 3348 1118 3427 episcopatus
1137 3348 1200 3425 ejus
1216 3349 1286 3426 viij⁰
1298 3348 1336 3409 do

239 3426 516 3511 institutionibua*]
708 3426 737 3549 Μ’
763 3507 886 3549 mum

683 3509 697 3537 ¹
743 3518 758 3549 s
887 3536 893 3549 .

301 3654 552 3709 PATESHULLE.
591 3640 708 3701 Viccria
720 3641 753 3699 in
766 3639 885 3701 ecclesio
897 3640 934 3701 de
942 3639 1094 3701 Palesholl
1106 3659 1164 3719 que
1176 3644 1221 3701 esi
1232 3640 1336 3719 prioiis

239 3724 268 3780 ei
282 3721 484 3782 canonicorum
493 3722 531 3783 do
543 3720 736 3800 Danastepell
746 3722 916 3783 auctoritate
929 3722 1045 3782 concilii
1058 3722 1192 3782 ordinata
1203 3724 1336 3782 consiscit

117 3870 120 3878 Ι
238 3802 272 3860 in
284 3802 378 3861 tribus
390 3803 511 3879 virgatis
529 3807 605 3863 terre
624 3808 653 3863 et
672 3821 773 3866 maneo
792 3809 974 3881 competente
988 3807 1018 3863 et
1030 3804 1063 3863 in
1076 3802 1231 3863 medicinis
1243 3804 1335 3863 totius

238 3882 376 3959 albaragii.
418 3884 458 3943 Ec
465 3883 560 3945 solvet
568 3884 693 3945 vicarius
702 3884 845 3948 sinodalia
853 3889 970 3945 tanim
978 3884 1058 3962 prior
1066 3888 1165 3944 cubem
1173 3883 1336 3962 hospicium

239 3962 433 4025 archidiaconi
445 3964 618 4042 procurabit.
1152 3972 1155 3977 '

300 4139 504 4195 ΒΒΑκκΕιε.
544 4125 661 4187 Vicaiia
673 4128 707 4187 in
719 4126 838 4188 ecclesia
851 4126 888 4187 dc
900 4125 1038 4187 Breckele
1051 4145 1108 4203 que
1120 4130 1165 4187 esi
1178 4125 1292 4187 abbatis
1305 4130 1336 4186 el

239 4212 399 4267 convenius
411 4208 560 4269 Leucas!
573 4208 744 4269 anctoritate
764 4208 880 4268 concilii
898 4208 1031 4267 ordinata
1050 4208 1183 4268 consistit
1199 4208 1233 4267 in
1246 4207 1334 4267 bercia

239 4293 320 4365 paris
343 4287 453 4348 decime
475 4288 627 4366 garbarum
647 4289 685 4350 de
708 4288 839 4349 Brackel’
862 4293 892 4349 ab
911 4288 949 4349 de
968 4288 1060 4349 Halso
1080 4293 1110 4347 oi
1128 4288 1162 4347 in
1180 4286 1336 4348 medietate

239 4370 440 4447 naagioram
450 4388 626 4431 cummeneo
636 4371 744 4431 vicario
755 4372 906 4449 assignabo.
932 4368 1335 4430 Consistiieciaminduabus

259 4463 269 4533 l
