3192 5367
585 598 743 651 floscula
765 598 889 651 wama
1255 586 1295 649 61

197 748 293 827 psiore
301 751 331 807 st
341 751 488 809 conventu
501 746 652 808 annuatim
665 746 858 825 percipienda
893 745 933 808 Et
942 746 1000 825 ipsi
1009 746 1088 824 prior
1096 748 1127 807 et
1136 754 1297 811 conventus

129 886 132 890 .
197 830 352 890 invenient
383 828 507 906 propriis
540 828 674 907 expensis
699 828 836 889 clericam
867 828 1007 888 idoneum
1040 832 1070 889 et
1102 832 1298 905 procurabunt

198 910 362 987 hospicium
395 909 601 969 Archidiaconi
628 914 658 969 et
684 914 778 969 cetera
810 928 897 970 onera
923 910 1021 969 omnia
1052 910 1241 973 sustinebunt
1266 918 1298 973 et

198 991 396 1069 providebunt
414 991 523 1051 vicario
543 991 580 1051 de
599 991 683 1051 totto.
732 990 774 1051 Et
793 995 839 1051 eet
857 991 965 1051 vicaria
984 991 1044 1051 iere
1063 990 1108 1069 iiij
1130 1010 1296 1055 msrcmnm.

261 1167 362 1221 ευτΗ
390 1166 614 1222 fastuosos.
638 1152 1300 1232 Vicarisinecclesiadedudslkintonqaeest

200 1234 358 1295 eorundem
379 1235 514 1295 consistit
535 1235 570 1294 in
591 1239 655 1295 toto
676 1235 814 1312 altaragio
837 1240 933 1312 preter
954 1234 1049 1295 linum
1073 1240 1103 1295 et
1121 1236 1155 1295 in
1178 1236 1301 1298 dimidia

200 1334 296 1375 marca
308 1315 345 1376 de
358 1315 445 1375 dictis
457 1316 552 1394 priore
570 1320 602 1376 et
621 1322 769 1377 conventu
786 1316 940 1376 annuatim
952 1316 1145 1394 percipienda
1187 1317 1228 1377 Et
1241 1318 1300 1396 ipsi

200 1398 280 1475 prior
286 1400 317 1455 at
324 1401 484 1456 conventus
493 1396 646 1457 invenient
655 1398 763 1459 vicario
772 1396 882 1458 toftum
892 1402 922 1457 et
931 1396 1126 1475 procurabunt
1135 1397 1300 1476 hospicium

200 1477 408 1537 Archidiaconi
426 1482 457 1537 et
476 1479 575 1538 omnia
593 1478 651 1539 alia
670 1498 758 1540 onera
776 1478 973 1539 sustinebunt.
1015 1478 1055 1539 Et
1070 1482 1115 1539 est
1134 1480 1242 1541 vicaria
1254 1481 1299 1559 iiij

201 1576 362 1619 marcarum
374 1562 404 1619 et
416 1576 451 1619 eo
464 1559 597 1636 amplius.
1005 1590 1007 1595 ·

262 1733 513 1789 enimomnes.
539 1720 658 1781 Vicsris
670 1722 703 1782 in
716 1722 835 1781 ecclesia
848 1722 884 1781 de
898 1719 1051 1799 (irimolby
1064 1722 1148 1798 cujas
1161 1722 1302 1783 medietas

202 1806 248 1861 est
271 1802 414 1861 dictorum
437 1802 541 1878 prioris
563 1808 594 1863 et
617 1808 778 1864 conventus
802 1803 839 1862 ds
863 1802 1006 1879 Ormesby
1028 1804 1069 1862 sic
1093 1809 1137 1863 eet
1159 1802 1299 1864 ordinata

202 1884 358 1945 Provisum
384 1883 534 1960 estquod
566 1885 692 1945 vicarius
720 1904 774 1962 per
798 1884 892 1944 dictos
918 1884 1042 1963 priorem
1069 1889 1106 1944 et·
1125 1890 1302 1945 conventum

202 1964 413 2043 presentandus
431 1963 539 2024 babeat
556 1966 742 2026 medietatem
761 1966 892 2043 altaregii
911 1966 958 2025 eui
977 1970 1073 2042 preter
1092 1965 1195 2026 linum
1238 1966 1303 2042 Qua

202 2046 343 2105 medietas
361 2043 441 2106 valet
459 2047 534 2123 xxiij
556 2046 639 2107 aolid'
659 2052 690 2105 et
709 2052 837 2123 preterea
856 2046 962 2106 hebent
980 2046 1059 2107 idem
1072 2047 1196 2107 vicarius
1210 2066 1303 2108 unum

201 2127 381 2205 quartarium
407 2126 549 2187 frumenti
581 2128 737 2205 peccabilis
762 2147 815 2205 per
839 2146 950 2205 annum
976 2128 1014 2187 de
1040 2128 1127 2188 dictis
1153 2129 1247 2206 priore
1274 2134 1303 2189 et

203 2212 358 2268 conventu
400 2208 440 2267 Et
452 2209 511 2286 ipsi
522 2209 601 2286 prior
613 2215 644 2269 et
663 2214 825 2269 conventus
844 2209 1040 2288 providebunt
1058 2209 1164 2269 vicario
1177 2210 1215 2269 de
1227 2210 1303 2271 tofto

204 2294 235 2349 et
247 2287 443 2367 procumbunt
461 2289 625 2367 hospicium
644 2290 852 2351 Arcbidiaconi
865 2294 895 2351 et
908 2289 1095 2351 sustinebunt
1110 2294 1205 2351 cetera
1217 2310 1305 2351 onere

204 2369 406 2477 contipgeucia
416 2370 524 2431 dictam
537 2390 636 2433 eorum
648 2372 842 2433 medietatem.
884 2371 926 2431 Et
936 2371 1016 2434 valet
1027 2371 1127 2433 totalis
1139 2372 1246 2433 vicaria
1258 2372 1303 2449 iiij

205 2470 298 2512 marc.

268 2628 430 2682 ΒηυΝΝΕ,
468 2614 586 2675 Vicetia
605 2615 638 2674 in
657 2614 776 2676 ecclesia
795 2615 833 2675 de
853 2613 972 2675 Brnnne
995 2632 1052 2691 que
1072 2617 1117 2675 eet
1136 2612 1251 2674 abbatis
1274 2618 1305 2675 et

207 2701 367 2757 conventus
381 2695 418 2756 de
431 2695 528 2757 Brune
542 2698 584 2757 sic
596 2702 641 2757 est
654 2698 795 2757 ordinata
837 2695 971 2756 Vicsriae
981 2695 1102 2756 hebebit
1115 2694 1305 2757 sufficientem

207 2778 421 2837 exhibicionem
433 2777 529 2853 quoad
542 2778 654 2840 victum
667 2782 698 2837 et
709 2779 748 2839 ad
767 2796 898 2839 mensam
917 2777 1120 2837 canonicorum
1133 2782 1168 2837 ut
1181 2776 1306 2837 noerius

206 2858 550 2935 seculmisetgarcioejus
558 2858 1301 2937 similiterhabcbitexhibicionemeicompetentem.

206 2940 337 3000 Habebit
350 2940 440 2999 eciem
463 2940 588 3000 visseins
612 2959 721 3017 equam
743 2960 830 3001 suum
853 2940 891 3000 ad
904 2939 1047 3016 foragium
1060 2939 1137 2999 diota
1150 2940 1255 2999 domus
1268 2939 1306 2999 de

206 3021 314 3081 Bru’ne
338 3026 368 3081 et
392 3021 527 3081 similiter
549 3022 782 3100 quandocunque
804 3042 857 3099 pro
880 3022 1006 3099 negociis
1030 3020 1147 3080 ecclesie
1159 3021 1254 3079 iturus
1267 3022 1307 3080 eit

207 3102 328 3162 habebit
342 3102 518 3180 prebendam
531 3103 691 3163 secundum
705 3104 858 3164 facultates
871 3102 982 3163 domus.
1019 3102 1150 3162 Habebit
1161 3104 1258 3161 autem
1268 3101 1306 3161 sd

207 3184 348 3244 vestitam
371 3202 457 3242 snum
479 3184 587 3261 viginti
610 3184 718 3244 solidos
741 3186 902 3255 annuatim,
917 3184 1081 3244 oblaciones
1100 3184 1133 3243 in
1146 3183 1304 3259 majoribus

208 3264 473 3341 sollempnitatibus
486 3266 566 3338 anni,
581 3270 611 3325 et
623 3286 676 3343 pro
685 3266 870 3343 sponsalibus
879 3262 925 3338 id„
936 3284 989 3341 pro
999 3283 1114 3343 corpore
1124 3265 1251 3343 presenti
1260 3261 1305 3338 id„

208 3350 239 3405 et
251 3345 411 3406 secandam
423 3346 559 3420 legatum.
594 3346 714 3407 Toftom
727 3352 826 3407 sutem
839 3346 959 3407 hebebit
971 3344 1048 3405 iufra
1060 3345 1207 3407 abbatiam
1219 3346 1308 3422 juxta

207 3432 328 3504 portam
373 3426 415 3486 Et
446 3426 505 3504 ipsi
530 3427 633 3488 Abbss
659 3434 690 3488 et
721 3431 883 3488 conuentus
916 3426 1112 3504 procurabunt
1144 3426 1308 3504 hospicium

208 3507 415 3569 Archidiaconi
441 3513 472 3568 et
498 3512 590 3568 cetera
616 3528 703 3569 onera
735 3508 923 3569 sustinebunt
956 3512 986 3567 et
1018 3507 1170 3569 invenient
1199 3507 1307 3569 vicario

209 3589 362 3650 diaconum
376 3589 542 3668 sumptibus
555 3589 678 3651 abbatis
720 3590 761 3650 Et
774 3595 820 3651 est
832 3588 982 3667 vicarisvj
996 3606 1164 3649 marcarum.

271 3766 451 3822 montore·
489 3752 606 3813 Vicaria
618 3752 652 3812 in
665 3751 785 3813 ecclesis
802 3752 839 3813 de
852 3752 990 3813 Mortons
1008 3770 1065 3829 que
1085 3755 1130 3811 est
1151 3750 1309 3812 eorumdem

209 3835 343 3895 consistit
365 3836 399 3895 in
421 3840 484 3895 toto
507 3834 645 3911 altaragio
670 3839 701 3894 et
723 3834 899 3894 omnimodis
922 3834 1041 3894 decimis
1065 3838 1161 3911 preter
1183 3832 1309 3891 decimae

209 3917 360 3993 garbarum
373 3922 404 3977 et
423 3916 494 3990 feni,
505 3915 652 3976 reddendo
671 3915 742 3976 inde
759 3916 912 3976 annuatim
925 3914 1134 3993 prenominatis
1147 3912 1260 3974 Abbati
1279 3917 1309 3972 et

210 3998 369 4058 conventui
395 4017 460 4057 xxx
478 3997 605 4058 solidos:
624 4003 655 4057 et
677 3998 736 4074 ipsi
754 3997 857 4057 Abbss
881 4002 911 4057 et
931 4001 1093 4057 convontus
1113 3995 1309 4073 procurabunt

105 4107 107 4112 ·
209 4077 372 4155 hospicium
394 4078 602 4139 Archidiaconi
625 4083 656 4138 et
677 4083 772 4138 cetera
793 4078 893 4137 omnia
913 4096 1001 4138 onera
1013 4075 1201 4137 sustinebunt
1213 4082 1309 4152 preter

209 4160 353 4219 sinodalia
365 4178 422 4237 que
433 4160 559 4219 vicarius
571 4159 775 4220 tantummodo
788 4160 882 4219 solvet
894 4159 1054 4218 annuatim.
1094 4158 1135 4216 Et
1149 4156 1207 4233 ipsi
1219 4155 1309 4215 sbbes

210 4246 241 4299 ct
254 4247 414 4301 conventus
428 4242 504 4301 infra
516 4242 652 4319 pascham
666 4241 738 4301 anni
756 4240 822 4300 xxii
841 4240 1037 4318 providebunt
1049 4238 1158 4299 vicario
1172 4237 1208 4297 de
1221 4236 1306 4297 tofto.

211 4322 461 4382 Etestvicsriav
475 4341 641 4383 marcarum
991 4362 993 4365 -

658 4414 687 4455 In
694 4414 733 4455 aas
739 4413 825 4463 marulo
833 4424 864 4453 :-

424 4480 605 4540 Isrotslstsr
618 4479 670 4539 boc
682 4479 841 4554 caprasius
854 4478 887 4536 iu
901 4480 967 4537 rod).
982 4472 1018 4535 s¹.
1034 4474 1093 4535 ssi.
