3192 5367
599 532 757 586 nooours
777 532 901 585 worm.
1273 514 1316 582 87

215 684 245 739 ct
258 680 434 741 instituendi
446 679 587 742 vicerim
599 684 771 759 perpetuum
784 679 818 739 in
836 678 936 740 eadem
949 677 1036 737 talem
1049 677 1083 737 in
1096 696 1130 737 aa
1141 678 1206 738 vice
1218 684 1317 741 nostra

214 761 284 821 fecit
297 762 513 823 ordinacionem
527 767 556 821 at
569 762 773 839 provisionem,
787 760 925 821 videlicet
942 759 1021 836 quod
1034 758 1158 819 vicarius
1171 760 1204 819 in
1217 761 1318 821 cadem

214 842 334 902 ecclesia
346 849 486 921 perpetuo
500 843 715 903 ministraturus
728 842 781 919 qui
793 860 891 901 curam
904 840 1023 900 habebit
1036 841 1197 900 animarum
1210 842 1316 902 habeat

214 927 311 983 totum
324 925 495 1001 alteragium
507 930 538 985 et
552 928 644 984 totam
657 929 763 983 terram
776 922 814 981 od
829 921 950 982 eandem
964 920 1111 981 ecclesiam
1121 922 1316 998 pertinentem

214 1023 282 1064 cum
300 1004 437 1065 domibus
456 1010 487 1066 et
506 1005 572 1065 aliis
590 1004 777 1082 pertinenciis
797 1003 933 1063 omnibus
953 1007 983 1062 et
1002 1001 1186 1063 libertatibus
1206 1004 1266 1063 suis
1282 1005 1314 1063 in

212 1086 304 1161 pratis
317 1087 431 1163 pascuis
444 1086 570 1164 pasturis
582 1091 613 1145 et
627 1086 763 1145 turbariis
772 1086 825 1161 qui
837 1083 1025 1143 residentiam
1038 1083 1071 1141 in
1084 1083 1184 1143 cedern
1197 1084 1315 1145 ecclesia

213 1166 301 1225 faciet
309 1168 502 1245 etinpropria
508 1166 770 1245 perconcinofficio
778 1164 948 1225 sacerdotali
955 1164 1140 1224 ministrabit
1169 1165 1314 1225 Monialcs

212 1266 282 1306 vero
295 1248 399 1308 domus
411 1249 448 1308 dc
462 1247 699 1325 semplingeham
717 1248 830 1324 integre
849 1246 1010 1324 percipient
1022 1244 1148 1305 decimes
1161 1246 1312 1323 garbarm

212 1328 343 1404 ejusdem
353 1330 488 1406 parochie
497 1334 527 1389 et
537 1328 680 1389 sinodalia
689 1329 805 1387 solvent
817 1326 980 1403 hospicium
989 1325 1191 1385 Archdiaoono
1204 1327 1313 1388 facient

211 1414 242 1468 ot
261 1410 361 1469 omnia
379 1410 436 1470 alia
455 1430 541 1471 onera
567 1410 699 1487 ejusdem
717 1408 836 1468 ecclesie
864 1406 1058 1467 sustinebunt.
1101 1406 1196 1467 Juxta
1223 1428 1311 1485 quam

212 1491 409 1565 provisionem
435 1492 513 1551 idam
540 1490 679 1551 Officialis
702 1495 800 1550 noster
823 1488 861 1549 ed
886 1489 1132 1565 presentacionem
1152 1488 1187 1549 G.
1209 1490 1313 1567 prioris

214 1571 325 1631 ordinis
352 1572 389 1631 de
416 1572 651 1651 Semplingeham
670 1576 701 1631 ct
720 1570 851 1649 ejusdem
870 1570 928 1629 loci
949 1576 1108 1630 conventus
1134 1569 1240 1629 factem
1261 1590 1313 1647 par

213 1650 391 1712 Nicholaum
413 1654 584 1713 canonicum
607 1653 737 1729 ejusdem
761 1652 864 1711 domus
888 1648 1003 1710 adhoc
1026 1655 1238 1729 procuratorem
1251 1652 1313 1711 des·

213 1733 341 1793 tinctum
350 1734 389 1794 ad
396 1735 534 1795 vicerim
541 1734 771 1812 prenominatam
778 1732 940 1793 Robertum
948 1731 984 1791 de
996 1732 1120 1809 Ouneby
1130 1732 1312 1808 capellanum

213 1813 334 1874 admisit
345 1820 376 1874 et
388 1815 486 1893 ipsum
498 1816 532 1875 in
544 1815 644 1875 eadem
657 1814 796 1875 vicarium
816 1817 989 1891 perpetuum
1001 1813 1132 1873 instituit
1144 1812 1313 1891 dictumque

213 1894 333 1954 fiatrem
357 1895 535 1956 Nicholaum
561 1901 711 1973 tamquam
736 1894 864 1973 predicte
899 1894 1003 1954 domos
1037 1899 1248 1972 procuratorem
1275 1895 1313 1954 ad

213 1977 380 2053 porcionem
393 1996 451 2055 que
464 1978 557 2038 dictos
570 1977 715 2038 Moniales
727 1982 763 2036 ut
774 1976 938 2053 predictum
958 1980 1003 2035 est
1022 1976 1166 2052 contingit
1186 1974 1310 2035 admisit

213 2056 246 2116 N
246 2076 278 2117 os
290 2058 380 2134 igitur
393 2059 552 2135 predictam
562 2058 758 2136 provisionem
770 2061 801 2117 et
810 2056 1023 2117 ordinacionem
1036 2057 1069 2115 in
1082 2056 1182 2117 sedern
1195 2056 1314 2117 ecclesia

213 2137 252 2198 de
264 2138 439 2217 Bilingbnrg
451 2160 470 2200 a
481 2140 611 2219 predicto
625 2138 751 2200 Officiali
769 2142 869 2198 nostro
889 2137 997 2197 factm
1016 2142 1109 2197 ratam
1127 2138 1269 2197 habentes
1282 2143 1312 2197 et

213 2224 325 2295 gratam
338 2240 401 2280 eam
414 2222 585 2282 auctoritate
598 2219 754 2297 episcopali
763 2220 973 2279 confirmamus.
1016 2217 1114 2280 Salvis
1127 2219 1160 2278 in
1174 2219 1311 2279 omnibus

215 2298 267 2359 &a
309 2300 378 2361 Hiis
388 2302 524 2362 Testibns
533 2302 645 2362 Thema
657 2302 695 2361 de
703 2300 866 2361 Fickerton’
877 2300 1032 2377 capellano,
1044 2300 1131 2359 Petro
1142 2299 1179 2359 de
1189 2298 1313 2359 Bethon'

215 2379 317 2440 canon’
342 2382 434 2457 Linc',
460 2383 610 2461 Magistris
636 2382 686 2442 W.
714 2382 752 2441 de
777 2380 861 2441 Lino’
884 2381 917 2441 Τ.
942 2380 980 2441 de
1004 2380 1110 2441 Guntia
1136 2384 1166 2440 et
1189 2380 1252 2441 Ric.
1276 2381 1313 2440 de

215 2460 383 2540 Tinghurst,
399 2464 516 2524 Olivero
529 2464 567 2524 da
580 2463 722 2539 Chedney
732 2461 798 2543 (cic)
813 2468 842 2522 ct
857 2461 1005 2539 Stephano
1019 2462 1056 2521 de
1070 2460 1139 2522 Gic'.
1181 2461 1251 2521 Dat'
1261 2480 1313 2539 por

214 2561 319 2603 manus
338 2544 386 2604 W.
409 2544 446 2605 de
465 2545 584 2605 Tornao’
603 2544 810 2605 Archidiuconi
830 2544 928 2605 Stowe
949 2541 1027 2620 apud
1046 2542 1172 2603 Lafford'
1193 2562 1234 2603 xv
1253 2542 1311 2603 kal.

215 2622 318 2701 Maroij
333 2626 520 2703 pontificatus
532 2628 625 2686 nostri
637 2644 714 2687 anno
726 2626 781 2687 ix⁰.

276 2786 875 2929 gdahiddsoigcimillddonriimuffltdi
886 2784 1107 2943 Amaqwd
1132 2864 1255 2926 dilectus
1282 2867 1315 2926 in

216 2947 335 3009 Christo
354 2948 433 3041 lilius
452 2949 592 3028 Magister
604 2949 783 3028 Reginaldus
802 2948 840 3008 de
860 2948 951 3043 Cestr
968 2946 1106 3008 Officiulis
1125 2952 1224 3007 noster
1244 2947 1315 3007 dum

217 3030 541 3172 &diffidi
556 3032 950 3189 mathildi
962 3029 1316 3187 tttltttttrt

218 3190 255 3250 de
274 3191 406 3251 Amorne
429 3196 460 3251 et
482 3192 657 3254 instituendi
679 3193 821 3253 vicarium
843 3196 1016 3269 perpetuum
1038 3190 1072 3249 in
1094 3190 1210 3264 eisdem,
1234 3191 1316 3251 salva

218 3271 346 3332 Roberto
356 3271 384 3331 le
392 3272 504 3351 Simplc
513 3273 615 3334 clerieo
623 3279 705 3334 sexta
714 3278 795 3351 parte
805 3272 885 3333 illius
895 3272 1012 3332 ecclesie
1022 3290 1109 3348 qnam
1119 3271 1214 3346 habet,
1226 3272 1316 3331 talem

217 3354 283 3414 vice
294 3358 394 3413 nostra
405 3352 477 3414 fecit
489 3355 683 3432 provisionem
692 3359 723 3414 ct
732 3354 948 3414 ordinacionem
957 3352 1094 3413 videlicet
1103 3352 1182 3430 quod
1191 3354 1316 3413 uanus

218 3438 375 3511 perpetuus
387 3435 500 3495 racione
513 3436 642 3513 predicto
654 3436 799 3513 porcionis
811 3436 845 3493 in
857 3434 958 3494 eadem
971 3433 1089 3493 ccclesia
1102 3434 1317 3493 ministraturus

218 3515 339 3575 habebit
358 3519 454 3575 totum
473 3517 643 3596 altaragium
665 3536 686 3577 v
705 3518 833 3595 partium
855 3515 935 3576 illius
955 3515 1080 3587 ecclesie,
1102 3515 1265 3575 oblaciones
1289 3519 1318 3574 et

220 3596 413 3655 obvenciones
433 3616 540 3659 ornnes.
582 3598 715 3657 Preterea
734 3598 860 3657 decimas
873 3598 1023 3675 garbarum
1044 3595 1081 3655 de
1094 3600 1157 3655 toto
1172 3596 1318 3655 dominico

220 3677 351 3753 aJ'usdem
369 3678 441 3737 ville
462 3682 493 3738 et
513 3679 639 3739 decimas
659 3680 748 3739 unius
769 3679 875 3739 bovata
896 3682 971 3737 terre
992 3696 1079 3755 quam
1099 3675 1190 3738 Falco
1211 3678 1316 3737 tenuit.

220 3757 351 3819 Habebit
359 3760 450 3818 eciam
457 3764 548 3819 totam
561 3765 666 3819 terram
678 3764 857 3838 spectantem
869 3758 908 3817 ad
920 3777 941 3819 v
953 3764 1049 3835 partes
1063 3758 1192 3835 ejusdem
1202 3758 1320 3851 ecclesia

221 3842 869 3983 fitrffirttfttltttttlfflt
877 3839 1320 3981 trtttttttlttt

222 4000 404 4061 Haverholm
417 4007 512 4063 totum
525 4002 674 4063 residuum
686 4004 720 4063 in
733 4003 853 4062 decimis
872 4002 1024 4079 garbarum
1036 4002 1148 4079 integre
1161 4000 1321 4078 percipient

222 4082 261 4140 ad
273 4088 376 4159 potum
388 4102 482 4143 suum
524 4084 725 4145 Providebunt
739 4084 830 4143 eciam
850 4087 1044 4159 competenter
1064 4082 1181 4142 ecclesie
1194 4082 1323 4158 predicte

222 4162 360 4223 inlibris
380 4170 410 4223 et
430 4166 606 4226 ornamentis
629 4184 696 4224 cum
717 4183 832 4224 necesse
854 4164 943 4223 fuerit
966 4168 995 4224 et
1018 4164 1051 4222 in
1074 4163 1183 4223 fabrica
1204 4162 1324 4221 cancelli

225 4244 398 4305 sustinenda
421 4244 584 4323 hospicium
607 4246 821 4306 Archidiaoono
847 4244 956 4304 iaciant
982 4248 1012 4303 et
1038 4244 1136 4303 omnia
1158 4244 1216 4303 elia
1238 4262 1325 4315 onera

225 4325 416 4386 sustinebunt
431 4333 528 4404 preter
540 4327 683 4389 sinodalia
701 4346 759 4405 quc
777 4330 895 4387 tanturn
914 4325 1038 4387 moedus
1058 4325 1151 4385 solvet
1164 4324 1323 4385 annuatim.
