3192 5367
511 592 517 601 ·
574 578 731 633 nueoms
753 578 877 633 WELLS.
1243 562 1286 627 63

249 743 401 798 Hauon
453 725 541 811 [Euat
551 722 686 823 HottoaJ.
728 725 845 787 Vroaria
878 727 911 786 in
944 726 1063 787 coelech
1095 724 1133 785 de
1163 724 1284 803 Heluio,

187 831 245 891 qne
264 817 309 871 eet
328 808 493 885 eorundem,
514 809 648 870 consistit
665 828 699 869 ru
718 811 782 869 toto
795 807 933 885 ultaragm
946 808 1075 885 exceptis
1088 806 1208 867 decimis
1221 808 1288 869 leue

188 899 218 955 et
236 910 385 971 agnorum,
398 891 506 968 butyro
526 895 557 950 et
575 909 664 963 ceeeo,
686 892 724 949 st
735 890 831 966 primo
849 890 951 967 legato.
993 888 1034 949 Et
1051 888 1176 949 noum
1195 890 1289 951 solvet

188 972 392 1035 tantummodo
418 972 578 1049 synodalia,
599 971 707 1049 stipsi
732 969 823 1030 abbas
849 974 880 1029 et
906 974 1067 1032 conventus
1093 971 1289 1047 procurabunt

188 1055 352 1133 hospicium
365 1053 573 1113 Archidiacoui
592 1056 622 1111 et
641 1051 740 1111 omnia
757 1052 816 1111 alia
836 1070 922 1111 onere
935 1052 967 1111 in
981 1054 1153 1129 perpetuum
1167 1052 1290 1113 matine-

188 1137 265 1197 bunt
275 1156 285 1210 ;
304 1140 335 1195 et
347 1134 544 1212 providebunt
555 1132 662 1193 vicario
681 1132 720 1192 de
738 1132 822 1193 totto.
866 1132 907 1193 Et
920 1134 963 1193 est
976 1132 1084 1193 vicem
1096 1151 1116 1193 v
1129 1151 1290 1195 musarum

188 1222 220 1279 et
234 1216 362 1277 dimidie.

249 1296 379 1358 Prsdicti
391 1294 481 1357 abbas
500 1299 531 1356 et
550 1297 711 1355 conventus
730 1292 768 1354 de
787 1293 819 1353 N
820 1292 921 1355 ewhus
940 1294 1090 1373 excipiunt
1107 1294 1140 1355 in
1153 1294 1289 1358 omuibus

189 1378 316 1440 ecoledie
341 1377 403 1439 suis
427 1376 554 1437 decimae
584 1375 830 1437 nutrimentorum
864 1375 1034 1437 animalium
1060 1394 1187 1451 euomm,
1215 1376 1287 1451 teni,

189 1459 423 1527 molendinorum
434 1462 466 1519 et
477 1458 555 1519 salia

251 1632 480 1691 Βῃοοιεεεγ.
517 1617 636 1679 Vicetia
665 1618 701 1679 in
729 1618 849 1679 ecclesia
869 1616 906 1679 de
926 1618 1092 1696 Bmdsby,
1120 1618 1205 1696 eujus
1229 1638 1290 1681 una

188 1722 257 1782 pars
275 1707 320 1762 est
338 1700 453 1762 abbatia
471 1703 502 1759 et
521 1704 683 1761 conventus
702 1698 739 1760 de
762 1698 904 1776 Newhue,
925 1700 1015 1761 altere
1033 1718 1101 1779 pers
1126 1700 1241 1763 abbatie
1259 1706 1290 1763 et

189 1777 732 1863 conventusde'l'uppehoMtlcok}
923 1794 929 1809 ·

252 1958 449 2015 suaseris·
485 1942 604 2003 Vicaria
631 1941 665 2002 iu
692 1942 811 2003 ecclesia
831 1940 867 2003 de
887 1940 1000 2003 Burred
1025 1960 1083 2020 que
1109 1946 1153 2005 eet
1175 1942 1291 2005 abbatie

190 2031 221 2089 et
241 2030 401 2087 conventus
420 2024 458 2084 de
476 2023 660 2101 'luppoholm
679 2024 814 2084 consistit
833 2023 866 2084 iu
892 2029 955 2084 toto
983 2023 1128 2102 altsragio,
1148 2029 1178 2085 et
1197 2026 1230 2085 in
1249 2044 1291 2087 xx

190 2108 291 2169 solidis
304 2106 456 2166 aunuatim
468 2105 506 2165 de
524 2105 612 2165 dictis
630 2104 736 2166 abbate
755 2111 786 2165 et
806 2110 952 2165 conventu
965 2106 1165 2184 percipiendis,
1180 2106 1290 2167 scilieet

189 2190 229 2251 ad
241 2191 349 2249 festum
362 2188 392 2249 S.
404 2187 528 2247 Martini
537 2206 558 2245 x
567 2186 677 2260 solidis,
686 2191 716 2246 et
725 2186 763 2246 ad
773 2190 958 2263 pentecosten
970 2206 991 2245 x
1001 2187 1109 2249 solidis
1160 2188 1291 2249 Habebit

191 2276 289 2332 autem
301 2270 380 2329 idem
399 2268 524 2329 vicarius
543 2266 616 2327 duas
635 2272 732 2345 partes
750 2267 820 2327 totti
839 2268 1012 2345 pertinentis
1031 2269 1070 2329 ed
1089 2270 1246 2343 molesisur,
1260 2274 1291 2331 et

190 2353 254 2429 ipse
279 2350 405 2411 rimriue
430 2349 562 2410 inveniet
588 2348 724 2409 clericum
750 2352 780 2408 et
807 2348 931 2426 predicti
956 2349 1046 2409 abbes
1073 2354 1103 2410 et
1129 2355 1291 2411 conventus

190 2431 387 2511 procurabunt
393 2429 557 2508 hospicium
563 2429 770 2489 Archidiacoui
776 2434 807 2490 et
815 2430 1291 2510 omniaaliaoneraiuperpetuum

192 2513 389 2586 sustinebunt,
403 2517 434 2571 et
452 2512 544 2571 eciam
563 2511 653 2571 libros
672 2517 703 2571 et
722 2514 892 2571 ornamenta
911 2510 1029 2572 ecclesie
1047 2511 1209 2573 invenient.
1250 2511 1291 2573 Et

191 2599 236 2656 eet
248 2594 354 2655 vicaria
366 2593 455 2654 trium
468 2611 626 2653 marcarum
638 2597 669 2651 et
681 2591 811 2653 dimidie.

457 2697 471 2727 ¹
482 2696 596 2749 Probably,
602 2697 645 2739 bui
651 2697 691 2739 Μ
697 2696 810 2749 fflfflr.
817 2696 1028 2749 weh-ww·

153 2864 160 2877 ·
252 2870 439 2927 miuron
466 2852 597 2937 [Moto
609 2852 768 2937 maison}
798 2854 916 2917 vicaria
928 2855 961 2915 in
974 2854 1093 2917 sedem
1105 2854 1142 2917 de
1156 2855 1292 2919 suumn

192 2957 249 3015 que
263 2944 307 2998 est
320 2938 477 2997 eorundem
489 2936 624 2997 consistit
635 2937 668 2997 in
677 2942 741 2996 toto
755 2937 893 3015 eltersgio
906 2942 1001 3015 preter
1014 2938 1139 2997 decimas
1151 2956 1292 3015 egnorum

192 3026 222 3079 et
245 3019 430 3079 medietatem
452 3018 529 3079 lane.
570 3016 700 3079 Habebit
726 3023 825 3079 autern
851 3018 976 3079 vicerint
1002 3018 1074 3078 duas
1102 3023 1200 3096 partes
1223 3018 1292 3080 tosti

191 3100 366 3178 pertinentia
392 3100 429 3159 ad
456 3099 613 3172 sedeciam,
637 3104 667 3160 et
693 3098 826 3160 inveniet
850 3099 994 3172 clericum,
1018 3104 1049 3159 et
1070 3099 1129 3177 ipsi
1152 3100 1241 3160 abbas
1262 3106 1292 3161 et

192 3186 355 3242 conventus
368 3180 564 3259 procurabunt
576 3180 741 3259 hospicium
753 3180 968 3255 Archidiaconi,
983 3186 1013 3241 et
1026 3182 1124 3241 omnis
1136 3181 1193 3242 alia
1206 3200 1293 3243 onera

192 3268 255 3323 tam
267 3263 412 3322 ordinaria
424 3281 512 3340 quam
532 3262 758 3321 extraordinaria
777 3262 811 3320 in
830 3266 1001 3339 perpetuum
1015 3262 1210 3323 sustinebunt
1251 3262 1293 3323 Et

192 3343 284 3404 eciam
302 3344 393 3404 libros
411 3347 443 3403 et
462 3347 631 3403 omamenta
649 3342 767 3404 eeclede
785 3343 947 3403 invenient.
996 3342 1037 3403 Et
1056 3348 1101 3403 est
1119 3344 1227 3405 vicaria
1246 3344 1290 3421 iiij

191 3444 359 3485 marmium.

254 3623 437 3679 ΒΑΝΒΕΒΥ.
475 3609 592 3671 Vicetia
604 3610 638 3671 in
651 3610 770 3671 ecclesia
782 3610 819 3670 de
833 3610 978 3690 Reudeby
996 3630 1054 3688 que
1074 3616 1117 3672 est
1136 3612 1293 3673 eorundem

192 3692 235 3753 sic
260 3696 305 3752 est
328 3691 468 3751 ordinata
509 3691 645 3752 Vicarius
668 3691 725 3751 erit
747 3691 785 3752 ad
808 3710 938 3753 mensam
961 3693 1105 3753 dictorum
1124 3693 1238 3755 abbatis
1262 3698 1294 3753 et

193 3777 353 3835 conuentus
363 3777 398 3832 ut
407 3772 532 3833 vicarius
540 3773 685 3846 secularia,
694 3778 725 3832 et
733 3772 856 3833 babebit
865 3774 1029 3835 oblaciones
1037 3774 1070 3833 in
1083 3774 1293 3853 principatibus

192 3855 275 3915 iestis
300 3854 381 3925 anni,
409 3854 519 3914 scilicet
545 3854 594 3914 die
617 3854 710 3913 natali
733 3854 856 3914 Domini
878 3852 948 3933 iijd„
973 3855 1021 3914 die
1040 3855 1145 3932 pasche
1165 3852 1224 3932 iid„
1245 3856 1293 3915 die

193 3935 333 3996 Omnium
355 3934 528 3995 Sanctorum
547 3932 594 4008 id„
617 3935 666 3996 die
679 3935 873 3996 dedicacionis
893 3936 1010 3996 ecclesie
1032 3933 1067 3995 id.
1108 3936 1149 3995 Et
1172 3936 1293 3997 hebebit

192 4017 352 4077 oeeundum
378 4015 514 4093 legatum.
568 4016 700 4076 Habebit
725 4022 824 4077 autem
851 4036 894 4076 xx
927 4018 1036 4077 solidos
1069 4017 1221 4077 annuatim
1254 4018 1294 4093 ad

192 4099 332 4158 verutum
345 4115 431 4156 snum
445 4097 483 4157 de
496 4096 582 4157 dictis
595 4097 701 4157 abbate
713 4103 743 4157 et
756 4103 904 4159 conventu
916 4099 1124 4176 percipiendos,
1135 4098 1245 4158 seilicet
1254 4098 1293 4158 ad

192 4178 299 4238 festum
320 4177 350 4238 S.
373 4177 497 4237 Mertini
516 4198 538 4237 x
556 4178 673 4252 solidos,
688 4183 718 4238 et
737 4178 775 4237 ed
787 4183 974 4255 pentecosten
989 4199 1011 4238 x
1023 4180 1138 4239 solidos
1181 4177 1222 4238 Et
1233 4180 1293 4257 ipsi

193 4260 282 4319 abbae
310 4262 341 4317 et
363 4264 525 4319 conventus
546 4260 700 4320 invenient
722 4259 859 4319 clericum
882 4260 1020 4320 idoneum
1042 4260 1100 4337 ipsi
1123 4259 1239 4333 viccrio,
1262 4264 1292 4321 et

193 4340 389 4417 procurabunt
421 4340 584 4417 hospicium
617 4340 819 4416 archidiaconi,
855 4345 885 4401 et
918 4342 1017 4401 omnia
1048 4341 1106 4401 alie
1139 4359 1225 4399 onera
1258 4342 1292 4401 in

192 4427 364 4504 perpetuum
377 4420 571 4487 sumebant.
