3192 5367
307 576 351 640 80
694 588 800 643 mars
820 588 998 654 sumum

305 742 339 803 in
361 740 492 801 futurum
514 741 586 797 sunt
604 736 738 815 adepturi
756 736 927 798 austeritate
946 756 1005 845 qna
1023 737 1173 817 fungimur
1192 736 1402 800 oonfinnamus.

307 822 376 883 Hiis
388 818 523 881 Teetrbua
536 816 664 878 Roberto
677 818 878 879 arohidiaoono
892 817 1004 879 Hunt'·
965 820 1168 898 thagistro
1184 818 1345 897 Reginaldo
1367 820 1405 881 de

306 901 408 974 casui,
422 901 504 977 Roga
502 918 535 959 ιο
558 898 715 977 capellano,
728 898 816 959 Petro
839 899 876 960 de
898 898 994 975 Bath',
1016 900 1118 961 oanon’
1142 900 1242 961 Line'·
1233 900 1405 977 ‚Magistro

305 946 430 1045 Rioardo
440 981 477 1040 de
486 980 655 1057 Tinghurst‚
669 980 757 1040 Petro
770 980 807 1040 de
820 980 937 1041 Wilton
937 980 1069 1059 ,Regem
1080 981 1116 1041 de
1127 981 1243 1055 Bohun,
1256 981 1406 1059 Stephano

306 1066 343 1125 de
370 1062 498 1135 ciens,
525 1066 555 1120 et
581 1061 654 1121 aliia
716 1059 785 1122 Dat'
812 1080 863 1139 per
889 1080 1013 1122 manum
1040 1060 1196 1122 Willielmi
1221 1062 1259 1123 de
1286 1062 1405 1123 Tomao'

306 1143 501 1206 archidiaconi
534 1141 632 1203 Stowe
664 1142 744 1219 apud
783 1141 949 1203 Meideetan
975 1144 1064 1203 terrio
1091 1142 1208 1203 kalend'
1225 1142 1405 1223 Septembris

306 1226 493 1305 pontificatus
505 1224 598 1283 nostri
611 1223 754 1301 annovj0.
1453 1265 1456 1271 -

363 1381 582 1437 moutam.-

367 1445 521 1506 Univeraia
547 1445 594 1503 dre.
649 1441 774 1503 Noverit
799 1443 975 1503 universitas
1000 1446 1097 1503 vestra
1129 1461 1184 1503 nos
1217 1442 1255 1502 de
1288 1462 1407 1504 assensu

306 1526 437 1605 Capituli
456 1526 550 1585 nostri
569 1522 651 1585 Lino’
664 1524 765 1584 divine
782 1524 903 1601 pietatis
921 1524 1033 1584 intuitu
1053 1524 1225 1585 oonoeesisse
1242 1526 1272 1583 et
1292 1524 1406 1585 dedisse

307 1612 338 1667 at
358 1607 486 1685 premnti
509 1610 587 1665 oarta
609 1608 708 1665 nostra
730 1605 913 1665 oonfirmasse
936 1604 1051 1665 dileetio
1079 1605 1114 1665 in
1144 1604 1261 1665 Christo
1291 1606 1407 1666 filiabus

306 1688 447 1748 Priorisee
458 1692 489 1747 et
501 1680 669 1748 conventui
678 1685 715 1745 de
726 1685 836 1763 Garing
848 1686 997 1746 eooleaiam
1009 1686 1047 1746 de
1059 1685 1185 1747 Touield
1193 1704 1251 1764 que
1261 1684 1298 1745 de
1308 1706 1407 1747 earum

306 1768 499 1830 advooaoione
510 1772 556 1827 eet
567 1772 660 1827 totam
673 1766 707 1827 in
720 1785 791 1826 mua
804 1768 934 1845 proprios
947 1768 986 1827 ad
998 1786 1029 1827 se
1043 1766 1228 1828 vestiendum
1241 1773 1408 1828 eonverten-

306 1850 375 1909 dam
388 1855 418 1910 at
430 1850 644 1927 ἰιιιρριριιιιιιιιι
657 1847 869 1925 possidendam.
905 1848 993 1909 Salva
1005 1851 1144 1926 perpetua
1156 1847 1263 1909 vicaria
1277 1848 1407 1925 quinque

306 1950 466 1990 marearum
473 1930 579 1989 vioario
587 1930 679 2006 quiin
687 1928 787 1989 eadem
797 1928 1079 2007 eoelasiainpropria
1088 1947 1209 2007 persona
1218 1928 1404 1990 ministrabit

307 2011 404 2071 Salvia
430 2010 520 2070 esiam
546 2010 579 2068 in
605 2010 741 2070 omnibus
768 2011 815 2071 iro.
870 2010 909 2069 In
936 2010 1024 2086 hujus
1057 2010 1147 2087 igitur
1179 2008 1221 2069 rei
1256 2010 1345 2069 robur
1377 2016 1407 2070 et

306 2092 505 2151 testimonium
518 2090 647 2167 sigillum
659 2095 790 2149 nostrum
804 2095 834 2150 et
847 2090 976 2169 sigilium
990 2090 1120 2169 Capituli
1134 2091 1227 2150 nostri
1239 2090 1322 2149 Lino'
1335 2090 1404 2151 huia

305 2176 496 2329 birbffibtuilei
504 2190 546 2311 111)
546 2172 1053 2329 Ξοέιὲιιιιιὲξεωῦῃέ1’ῃρθξυ1)ιιῗρι11ι
1057 2176 1280 2313 op'rtplippplpllpp
1285 2172 1406 2313 ’.1111111

306 2332 403 2394 arohd'
414 2332 512 2393 Stove
522 2332 601 2411 apud
611 2332 696 2394 Cant’
703 2332 763 2396 kal.
773 2332 954 2412 Septembris
964 2333 1150 2413 pontificatus
1159 2334 1253 2393 nostri
1263 2353 1339 2394 anno
1350 2335 1404 2411 vj0.

366 2489 581 2617 {ibibtebsti’andrrb
624 2554 674 2614 Ad
692 2554 892 2616 universitatis
912 2558 1007 2615 vestre
1025 2556 1164 2615 noticiam
1186 2554 1322 2615 volumus
1345 2573 1408 2631 per

306 2638 407 2697 venire
425 2656 480 2697 nos
505 2636 543 2695 de
569 2654 688 2696 maenaa
707 2636 814 2713 Rogati
836 2636 939 2697 deoani
965 2643 996 2697 et
1024 2636 1155 2715 Capituli
1180 2636 1262 2697 Lino'
1289 2635 1408 2695 eooleeie

306 2719 408 2779 divine
427 2718 545 2796 pietatis
556 2718 669 2777 intuitu
681 2718 854 2777 oonoeaeiase
867 2716 981 2777 dileetio
994 2716 1063 2777 filiis
1076 2716 1187 2777 Abbati
1203 2722 1234 2777 et
1246 2717 1406 2777 conventui

307 2799 344 2859 de
363 2798 544 2859 Kainasbam
564 2816 664 2858 omnes
682 2799 813 2858 deoimas
833 2802 863 2859 et
883 2798 958 2857 solas
978 2798 1130 2875 garbarum
1145 2798 1227 2858 bladi
1240 2798 1358 2859 eoelesie
1370 2798 1408 2857 de

307 2880 450 2940 Bureford
469 2885 500 2940 et
519 2880 628 2958 repelle
647 2880 685 2939 de
702 2880 845 2940 Fnlebroo
871 2898 938 2939 oum
965 2881 1110 2957 mesuagio
1136 2880 1263 2939 matrinis
1289 2879 1407 2938 eooleeie

305 2961 387 3039 quod
399 2961 437 3022 ad
449 2980 600 3039 personam
613 2962 740 3038 pertinet
759 2961 792 3020 in
812 2961 942 3039 proprios
955 2978 1025 3021 usus
1038 2961 1247 3023 eonvertendas
1260 2965 1291 3020 et
1302 2960 1406 3038 imper·

306 3047 430 3119 petuam
444 3042 643 3121 possidendas.

367 3203 694 3274 oanioaorovieorie
706 3202 840 3277 eaedem

367 3284 417 3343 Ad
427 3290 597 3379 perpetuam
605 3303 674 3346 vero
684 3284 821 3345 vioar'iam
831 3286 893 3343 tota
902 3288 979 3343 terra
991 3283 1110 3344 eooleaie
1119 3288 1150 3345 ab
1159 3284 1268 3362 oapelle
1278 3284 1406 3363 predicte

307 3370 338 3425 et
349 3364 531 3443 mesuagium
542 3366 581 3425 ad
592 3370 761 3443 perpetuam
777 3366 915 3426 vicariam
934 3366 1082 3443 pertinens
1102 3370 1133 3425 et
1153 3366 1250 3425 omnia
1270 3366 1327 3426 alia
1346 3371 1407 3426 tam

307 3446 345 3507 ad
367 3447 517 3506 matrioem
546 3447 694 3507 ecelesiam
742 3464 811 3507 nam
837 3447 876 3506 ad
908 3447 1048 3542 oapellam
1073 3446 1253 3524 pertinencia
1278 3449 1407 3525 exeeptis

307 3527 479 3668 predictisda
462 3527 613 3605 garbarum
633 3528 695 3587 d
772 3532 803 3588 et
822 3528 968 3605 mesuagio
988 3528 1203 3605 imperpetuum
1214 3528 1405 3606 pertinebunt

251 3715 253 3718 -
306 3609 476 3749 stude
441 3607 1407 3769 “diiidmffiffldifflffiiidimittit

253 3802 257 3809 ν
306 3775 338 3830 et
349 3769 503 3829 dioeesano
516 3770 650 3848 episeopo
663 3772 753 3831 fuerit
764 3772 850 3831 instit
850 3776 927 3832 utus.
972 3770 1089 3831 Salvis'
1079 3790 1112 3831 m
1128 3772 1264 3833 omnibus
1277 3772 1323 3833 dre.
1365 3772 1407 3833 Et

305 3857 342 3911 ut
354 3850 409 3911 heo
421 3852 566 3911 oonoeaaio
578 3856 677 3911 nostra
689 3856 859 3929 perpetuam
876 3853 1007 3912 obtineat
1022 3853 1187 3913 firmitatem
1202 3871 1265 3911 eam
1278 3854 1408 3929 presenti

305 3932 413 4009 soripto
426 3935 457 3990 et
469 3931 558 4009 sigilli
570 3934 663 3991 nostri
675 3934 861 4011 appoaioione
881 3933 1020 3993 duximus
1039 3933 1208 3993 oonfirmari.
1251 3933 1301 3993 Ad
1318 3952 1407 4011 quam

305 4014 397 4073 eoiam
416 4012 655 4073 eorroborandam
675 4013 844 4091 Capitulum
857 4014 938 4074 Lino’
953 4014 1071 4075 ecclesie
1083 4015 1210 4091 sigilium
1230 4033 1317 4075 suum
1336 4016 1407 4075 feeit

305 4093 440 4173 appendi.
469 4094 538 4153 Hiis
547 4094 691 4167 Teatibus‚
701 4095 832 4155 Domino
845 4095 950 4156 Jooael’
965 4095 1049 4155 Bath'
1064 4094 1207 4173 Episoopo
1221 4101 1251 4155 et
1265 4094 1406 4170 Glaaton',

306 4176 420 4252 Rogero
439 4175 548 4235 deoano
567 4175 659 4249 Lino’,
672 4176 809 4237 Johanne
822 4175 926 4251 Oxon',
948 4176 1076 4236 Roberto
1097 4176 1245 4237 Huntind’
1265 4176 1406 4237 archidia-

306 4257 397 4332 oonis,
410 4262 440 4316 et
452 4256 577 4317 testibus
590 4255 656 4316 aliis
668 4276 756 4335 supra
768 4256 802 4316 in
815 4263 893 4317 earta
905 4257 1037 4335 proxima
1050 4258 1216 4335 prenotatis
1272 4258 1341 4317 Dat’
1355 4274 1411 4335 per·

306 4356 426 4398 manum
440 4337 490 4399 W.
507 4338 544 4397 de
557 4337 675 4398 Tornao'
695 4338 891 4399 arobidiaooni
911 4338 1008 4399 Stowe
1028 4338 1107 4414 apud
1127 4336 1292 4399 Meidastan
1310 4338 1406 4416 pridie

306 4417 365 4479 kd
381 4418 559 4497 Septembris
571 4419 759 4498 pontificatis
771 4420 866 4479 nostri
878 4438 956 4480 anno
969 4424 1060 4481 sexto.
1273 4448 1276 4453 ·
