3192 5367
597 566 752 623 Hucorls
778 565 904 623 wlsius
1266 552 1306 617 53

212 739 250 780 ax
269 725 350 797 parte
370 718 443 778 dicti
464 718 597 797 Magistri
610 718 658 778 W.
674 718 711 778 dc
724 714 908 777 Brauccwell.
951 714 1085 775 Vioarius
1101 720 1198 775 autem
1214 717 1308 779 solvat

213 801 364 860 annuatim
377 800 580 859 tantummodo
592 798 743 877 synodalia
762 802 792 857 et
812 796 934 876 predicti
946 796 1047 857 fratres
1061 802 1091 856 at
1104 796 1243 874 Magister
1256 798 1305 861 W.

213 883 250 941 de
263 881 441 941 Brancewell
454 880 707 960 proporcionaliter
719 879 916 957 procurabunt
934 876 1097 955 hospicium
1115 878 1309 941 archidiaconi

213 968 243 1022 et
265 967 358 1022 cetera
382 981 469 1021 onera
492 967 554 1022 tam
577 961 721 1021 ordinaria
740 979 828 1037 quam
848 959 1074 1019 extraordinaria
1088 960 1121 1019 in
1137 966 1309 1039 perpetuum

186 1091 188 1093 v
213 1044 409 1104 sustinebunt.
450 1043 491 1103 Et
504 1049 549 1103 ast
560 1042 668 1103 vicaria
680 1042 713 1101 lx
725 1041 891 1123 solidorum.
1015 1054 1017 1058 ·

273 1214 473 1269 colasset!
486 1201 675 1345 ¹¹[liriorelcebpl
717 1203 833 1263 Vicaria
865 1202 897 1261 in
931 1201 1049 1263 ecclesia
1087 1203 1125 1262 da
1158 1204 1309 1284 Gallesby

214 1287 346 1347 munistit
358 1287 392 1344 in
405 1291 467 1346 toto
515 1285 623 1362 turgio
642 1290 673 1344 et
691 1286 726 1344 in
738 1282 858 1343 decimis
870 1283 1022 1360 garbarum
1035 1284 1125 1343 trium
1137 1284 1309 1347 bovatarum

213 1375 289 1427 terra
308 1367 345 1427 de
364 1366 449 1427 feodo
468 1366 606 1427 Nicholai
625 1366 662 1426 de
682 1364 811 1427 Cetcdal'
830 1364 864 1423 in
882 1364 983 1424 eadem
1002 1364 1092 1426 villa:
1111 1370 1141 1425 at
1153 1366 1310 1444 Templarii

213 1449 408 1526 procurabunt
420 1448 583 1525 hospicium
598 1445 805 1508 archidiaconi
824 1450 855 1505 ct
875 1450 967 1505 cetera
986 1464 1073 1506 onera
1091 1450 1153 1505 tam
1166 1448 1310 1509 ordinaria

214 1549 302 1607 quom
334 1529 558 1589 extraordinaria
582 1528 770 1587 sustinebunt
795 1530 891 1605 preter
923 1526 1075 1603 synodalia
1101 1546 1157 1604 que
1184 1528 1310 1589 vicarius

214 1610 416 1671 tantummodo
438 1611 533 1671 solvet
558 1609 718 1682 annuatim,
747 1613 777 1669 ot
804 1606 1000 1687 providebunt
1025 1608 1133 1669 vicario
1159 1608 1196 1670 de
1224 1610 1308 1671 tofto.

153 1695 156 1706 ’
214 1692 256 1751 Et
274 1697 319 1752 est
337 1691 571 1751 tuncvicarialx
585 1690 751 1750 solidorum.

274 1862 500 1930 wlueotrorc
527 1851 642 1912 Vicaria
660 1852 693 1911 in
709 1850 827 1911 ecclesia
846 1850 883 1910 de
896 1849 1063 1928 erogaton
1076 1852 1159 1928 cujus
1172 1853 1311 1915 medietas

216 1941 260 1997 ast
272 1935 429 1999 eorundem
436 1937 495 1995 &a
538 1934 583 1995 Ut
595 1931 764 1993 incipiatur
776 1934 810 1991 in
822 1931 1068 1993 Archidiaconetu
1081 1932 1179 1995 Stow'.

277 2110 447 2165 ΚΙΒΚΕΒΥ.
481 2094 598 2156 Vicaria
616 2095 650 2155 in
668 2094 787 2155 ecclesia
807 2094 843 2155 de
863 2093 999 2172 Kirkcby
1018 2114 1075 2173 que
1095 2100 1139 2156 cst
1158 2095 1262 2173 prioris
1282 2101 1312 2156 at

215 2180 318 2258 prioris
331 2184 361 2238 et
374 2182 534 2237 convontus
557 2177 594 2237 de
614 2176 775 2253 Turgurtcn
795 2176 928 2237 consistit
947 2176 980 2235 in
999 2181 1063 2236 toto
1088 2176 1225 2255 altaragio
1245 2196 1313 2237 cum

96 2268 99 2270 ’
215 2260 290 2321 totto
303 2260 475 2335 assignando
489 2262 519 2317 et
531 2258 562 2317 in
577 2257 697 2317 decimis
705 2257 857 2335 garbarum
865 2257 986 2333 triginta
999 2262 1029 2318 et
1042 2258 1130 2318 unius
1142 2260 1313 2319 bovatamm

216 2346 289 2401 terra
311 2341 414 2401 eodem
436 2338 522 2399 modo
547 2358 605 2417 quo
629 2339 813 2415 Augustinus
835 2338 932 2398 tenuit
950 2338 983 2398 in
997 2339 1059 2398 vita
1072 2358 1125 2400 sua
1140 2344 1171 2399 ot
1189 2338 1313 2417 predicti

216 2424 294 2499 prior
317 2426 347 2481 at
370 2425 531 2481 conventus
554 2420 750 2497 procurabunt
773 2419 936 2497 hospicium
960 2419 1154 2481 archidiaconi
1177 2428 1207 2480 et
1221 2424 1315 2480 catera

217 2501 504 2644 &affluebant
516 2506 611 2579 preter
623 2500 775 2578 synodalia
787 2518 844 2577 que
853 2500 982 2609 'vicanus
1002 2500 1096 2561 solvet
1112 2501 1314 2561 tantummodo

278 2756 479 2813 εοΑΡενΙικ
519 2742 636 2804 Vicaria
647 2744 681 2803 in
694 2742 813 2803 ccclesia
826 2741 863 2802 de
877 2741 1006 2819 Scapwic
1022 2762 1079 2819 que
1097 2747 1141 2803 ost
1157 2742 1315 2804 eorundem

218 2827 352 2887 consistit
373 2826 407 2884 in
429 2830 491 2884 toto
514 2824 650 2903 altar-agio
674 2844 741 2883 cum
754 2824 831 2884 tofto
845 2824 976 2902 proximo
990 2826 1066 2885 tofto
1090 2825 1204 2885 Mathai
1218 2825 1314 2884 clerici

218 2927 319 2969 versus
332 2912 462 2965 suebum
475 2910 504 2965 ct
517 2908 550 2965 in
559 2925 619 2965 una
629 2924 723 2964 marca
732 2905 765 2963 in
774 2908 852 2964 certa
861 2905 997 2983 porcione
1007 2906 1196 2982 assignanda:
1217 2906 1314 2983 stipsi

218 2990 297 3066 prior
317 2994 347 3047 et
371 2992 532 3048 conventus
555 2987 751 3064 procurabunt
775 2985 939 3063 hospicium
962 2986 1157 3047 archidiaconi
1180 2991 1209 3047 at
1223 2992 1315 3047 cetera

187 3092 189 3099 ·
220 3089 306 3129 onera
318 3068 505 3129 sustinebunt
518 3074 613 3145 preter
625 3066 777 3145 synodalia
790 3086 847 3145 quc
861 3067 985 3127 vicarius
998 3068 1093 3128 solvat
1112 3068 1316 3129 tantummodo

219 3151 378 3210 annuatim.
420 3149 461 3210 Et
474 3153 518 3209 est
531 3149 670 3209 vicariav
683 3166 852 3209 marcarum.

279 3283 531 3380 Trmsztruunn,
570 3309 687 3370 Vicaria
708 3310 742 3368 in
768 3310 887 3370 ecclesia
909 3310 947 3370 de
970 3310 1162 3371 Timbarluud
1188 3330 1245 3389 quc
1272 3316 1315 3371 est

219 3394 374 3453 ecmndam
390 3392 522 3451 consistit
533 3392 567 3450 in
578 3391 667 3451 tercia
679 3396 761 3469 parto
773 3392 865 3451 totius
877 3391 994 3451 ccclesia
1008 3396 1038 3452 et
1047 3392 1205 3453 sustinebit
1218 3392 1316 3452 omnia

221 3493 315 3535 onera
357 3472 397 3532 Et
409 3478 454 3533 est
465 3474 572 3534 vicaria
584 3492 637 3533 sex
649 3490 809 3532 marcarum
822 3476 853 3531 at
865 3492 899 3531 co
913 3472 1045 3551 amplius

282 3604 493 3704 arara‘oar.
532 3634 826 3695 viunnoense
839 3598 1092 3712 statuarque
1106 3639 1149 3693 aa
1162 3634 1330 3695 eleana·

221 3722 382 3778 convontus
401 3716 439 3775 de
457 3716 609 3795 Bardsnay
628 3716 762 3776 consistit
780 3717 814 3775 in
833 3719 896 3775 toto
915 3715 1053 3793 altaragio
1077 3714 1224 3775 reddendo
1245 3714 1315 3774 inde

221 3798 373 3857 annuatim
392 3802 516 3875 quatuor
534 3816 643 3857 marcas
662 3797 774 3873 argenti
793 3794 880 3856 dictis
900 3797 999 3857 abbati
1018 3802 1049 3857 at
1068 3797 1233 3857 conventui.
1276 3796 1317 3855 Et

221 3878 346 3939 vicerim
365 3878 486 3939 habebit
506 3878 685 3956 capellanum
705 3874 759 3959 [sc.
783 3876 847 3960 16⁸]
869 3878 978 3937 socium
999 3882 1029 3937 et
1048 3878 1141 3938 solvat
1164 3877 1316 3937 annuatim

222 3960 423 4033 tautummodo
446 3959 606 4037 synodalis,
630 3964 660 4019 et
686 3960 745 4037 ipsi
772 3959 862 4020 abbas
884 3964 914 4018 et
933 3965 1094 4019 conventus
1120 3958 1318 4035 procurabunt

221 4040 385 4119 hospicium
396 4041 591 4101 archidiaconi
603 4046 633 4100 at
646 4045 740 4101 catera
753 4058 840 4101 cnara
853 4040 1047 4100 sustinebunt.
1099 4039 1139 4099 Et
1153 4044 1197 4100 est
1210 4038 1318 4100 vicaria

221 4124 253 4199 vj
266 4142 426 4183 marcarum
439 4127 469 4182 et
482 4141 516 4182 eo
528 4122 661 4201 amplius.

282 4296 512 4353 SKENDELBY.
558 4282 676 4344 Vicaria
702 4283 736 4342 in
761 4282 880 4343 ccclesia
912 4282 949 4342 dc
983 4280 1153 4359 Skandelby
1183 4300 1239 4359 quc
1273 4284 1318 4341 est

222 4366 379 4426 eorumdem
392 4366 525 4425 consistit
546 4365 580 4424 in
593 4365 729 4425 omnibus
743 4363 942 4424 oblacionibus
961 4363 1060 4423 altaris
1078 4368 1108 4422 et
1120 4364 1154 4422 in
1167 4368 1229 4421 tota
1242 4366 1318 4421 terra

223 4447 367 4508 dominice
380 4446 472 4524 ipsius
485 4445 602 4506 ecclesie
615 4450 644 4505 et
653 4446 685 4505 in
696 4446 807 4507 decima
816 4447 907 4506 totius
917 4446 982 4505 lane
996 4451 1025 4504 et
1039 4442 1168 4505 omnium
1179 4462 1317 4521 agnorum
