3192 5367
277 610 297 671 l
664 621 767 675 arans
789 621 967 686 rumonus

338 780 543 838 BUREFORD.
570 768 686 831 Viccria
698 770 732 830 in
744 768 864 831 adeas
876 769 913 831 de
926 769 1070 831 Bureiord
1082 789 1140 849 que
1153 774 1199 831 est
1208 769 1335 831 Abbstis
1348 774 1379 831 et

275 859 436 915 conventus
448 852 485 912 de
499 850 688 929 Keynesbsm
700 852 772 929 ipsis
785 871 837 929 per
850 851 1001 913 dominum
1012 853 1167 929 Hugouem
1182 852 1220 911 de
1235 870 1378 913 consensu

275 934 396 1014 capituli
416 934 462 993 sui
482 932 563 991 Linc’
584 932 752 992 confirmata
772 928 871 1013 [cumi
889 936 990 993 med
1025 933 1135 1011 capella
1155 933 1192 992 de
1212 932 1379 993 Fnlebroch

275 1016 409 1079 consistit
421 1016 454 1074 in
466 1018 529 1073 tota
541 1018 617 1073 terra
630 1014 746 1073 ecclesie
760 1018 789 1073 et
810 1015 918 1091 capelle
937 1034 958 1092 p
1011 1015 1066 1074 'cte
1087 1034 1154 1073 cum
1167 1014 1327 1089 messuagio
1340 1014 1378 1074 ad

275 1098 413 1159 vicerim
425 1095 589 1173 pertinente
602 1100 631 1154 et
647 1095 681 1154 in
701 1095 836 1155 omnibus
856 1096 921 1155 aliis
940 1101 1002 1155 tam
1014 1096 1053 1155 ad
1065 1096 1215 1155 matricem
1228 1095 1377 1155 ecclesiam

276 1198 364 1257 qnam
377 1178 415 1237 ed
428 1177 537 1236 dictam
556 1174 696 1252 capellum
716 1177 931 1253 pertinentibus
951 1176 1080 1255 exceptis
1099 1176 1236 1235 omnibus
1255 1176 1376 1235 decimis

276 1268 307 1321 st
319 1258 369 1320 sol’
383 1258 536 1336 garbsrum
555 1276 621 1317 cum
641 1256 758 1333 capitali
778 1276 878 1318 manso
897 1258 1025 1319 matricis
1045 1256 1181 1319 ecclesie:
1201 1262 1232 1317 et
1251 1261 1321 1318 suut
1334 1256 1377 1317 ibi

276 1340 429 1403 necessarii
441 1338 480 1399 sd
492 1338 590 1399 minus
603 1338 662 1397 duo
676 1337 826 1416 capellani.

337 1509 535 1567 ΕεΤΗΑιιΕ.
562 1499 680 1561 Vicarie
691 1499 724 1559 iu
742 1499 861 1561 ecclesia
880 1499 917 1561 ds
930 1498 1046 1559 Fstball
1064 1518 1123 1577 que
1141 1503 1186 1559 est
1207 1497 1334 1559 Abbatis
1346 1504 1376 1559 et

275 1586 436 1645 conventus
456 1580 493 1642 de
507 1580 604 1641 Ibreio
623 1579 737 1641 dudum
758 1582 892 1642 ordinata
909 1580 1044 1641 consistit
1062 1580 1095 1640 in
1115 1580 1252 1640 omnibus
1270 1581 1377 1640 obven-

274 1665 408 1727 cionibus
421 1662 520 1723 altaris
539 1681 607 1722 cum
626 1680 726 1722 manso
745 1663 798 1739 qui
817 1662 877 1723 luit
896 1662 1053 1722 eorundem
1072 1662 1280 1721 monachorum
1300 1662 1377 1721 etin

276 1746 411 1808 omnibus
431 1743 550 1803 decimis
572 1742 725 1819 garbarum
750 1742 786 1804 de
809 1742 956 1803 dominico
978 1742 1058 1822 quod
1074 1744 1152 1819 jacet
1171 1761 1210 1802 ex
1229 1742 1281 1801 illa
1294 1748 1376 1820 parte

276 1824 404 1904 aquilon'
417 1844 475 1901 qua
488 1824 544 1883 sita
557 1829 602 1883 est
615 1824 741 1895 ecclesie,
756 1823 893 1884 videlicet
907 1825 941 1883 in
960 1843 1062 1902 campo
1075 1823 1216 1899 orientali,
1231 1822 1269 1882 de
1282 1824 1376 1884 tribus

275 1907 355 1967 hidis
368 1912 399 1965 et
411 1906 464 1981 viij
486 1904 559 1963 acris
578 1908 609 1962 et
628 1902 751 1963 dimidia
770 1910 801 1963 et
820 1923 906 1982 muJ
928 1906 1002 1965 acris
1021 1924 1093 1982 quas
1112 1910 1237 1984 quatuor
1249 1903 1377 1964 Bubulci

274 1992 377 2047 tamem
389 1986 426 2045 de
440 1984 541 2045 codem
554 1982 710 2059 dominico,
723 1990 754 2043 et
765 1984 799 2043 in
812 2004 914 2062 campo
934 1985 1106 2046 occidentali
1119 1984 1244 2045 vicarius
1256 1986 1375 2062 recipiet

274 2066 400 2129 decimas
414 2066 452 2125 de
464 2064 579 2125 duabus
591 2063 671 2124 hidis
683 2068 714 2125 et
727 2066 800 2143 xxvj
815 2066 888 2127 acris
900 2066 938 2126 de
950 2066 1097 2126 dominico
1110 2070 1140 2126 et
1153 2066 1191 2126 de
1205 2066 1287 2143 xxiiij
1302 2067 1375 2127 cc1is

274 2167 346 2227 quas
366 2147 438 2208 dicti
457 2145 584 2206 Bubulci
603 2150 721 2207 tenent:
757 2149 787 2205 et
808 2147 888 2207 valet
906 2147 1014 2207 vicaria
1031 2167 1053 2207 v
1073 2146 1166 2207 marc'.
1209 2146 1374 2207 Sustinebit

273 2234 371 2289 aulem
384 2228 508 2289 vicarius
522 2226 620 2287 omnia
632 2245 718 2287 onera
731 2227 824 2305 ipsius
843 2228 961 2288 ecclesie
974 2228 1074 2289 debita
1086 2233 1117 2289 et
1130 2232 1267 2288 consueta
1279 2233 1375 2306 preter

272 2310 436 2389 hospicium
448 2308 655 2369 Archidisconi
668 2308 747 2386 quod
760 2309 834 2369 dicti
845 2309 981 2370 monachi
993 2309 1197 2389 procurabunt.

342 2478 537 2537 ΜΕΝΙεΤΗΕ.
571 2467 689 2530 Vicetia
704 2470 737 2530 in
756 2469 875 2531 ecclesia
894 2470 932 2532 de
944 2470 1086 2531 Menistre
1105 2490 1163 2549 que
1182 2475 1228 2530 est
1249 2469 1375 2531 Abbatis

273 2558 303 2615 ct
323 2560 483 2615 conventus
507 2550 545 2610 de
564 2550 661 2612 ibreio
683 2552 880 2629 predictorum
901 2553 1034 2613 consistit
1057 2554 1090 2612 iu
1109 2552 1265 2611 medietate
1284 2552 1375 2612 totius

273 2635 390 2696 ecclesie
413 2638 443 2694 et
470 2632 600 2693 omnium
626 2632 664 2692 ed
690 2634 784 2710 ipsam
811 2634 845 2694 iu
871 2634 970 2694 eadem
998 2633 1134 2711 parochia
1153 2632 1372 2711 pertinencium.

272 2715 411 2777 Monucbi
423 2719 522 2774 autem
534 2712 659 2791 predicti
671 2719 701 2773 et
716 2714 840 2775 vicarius
859 2716 958 2775 omnia
976 2734 1063 2775 onera
1082 2715 1160 2774 dicte
1179 2714 1297 2773 ecclesia
1312 2719 1374 2774 tam

271 2796 416 2858 ordinaris
425 2814 513 2873 quam
523 2794 748 2855 extraordinaria
760 2796 887 2873 quilibet
898 2815 951 2874 pro
963 2815 1016 2857 sua
1025 2796 1160 2873 porcione
1169 2794 1373 2855 sustinebunt:

271 2883 301 2939 et
314 2877 421 2939 sufficit
432 2876 476 2937 ibi
489 2895 566 2936 unus
579 2875 751 2955 capellanus.

332 3047 495 3103 sauros.
523 3035 639 3097 vicera
657 3038 691 3095 in
710 3037 877 3113 manae
888 3037 1127 3117 numnquam
1140 3002 1270 3115 capitur
1278 3034 1374 3097 uxor

270 3120 404 3181 ordinata
428 3124 472 3179 est
495 3136 547 3195 per
569 3118 721 3178 dominum
744 3118 826 3179 Linc’
850 3118 1007 3196 Hugo'nem
1030 3120 1198 3193 secundum,
1213 3118 1373 3179 secuudum
1456 3142 1461 3154 ·

270 3208 399 3263 tenorem
428 3204 505 3259 carte
532 3200 616 3277 cujus
643 3199 697 3259 hec
728 3204 774 3259 est
809 3199 911 3260 forma.
970 3200 1115 3263 Omnibus
1142 3202 1195 3261 &c
1250 3200 1375 3260 Noverit

271 3282 446 3344 universitas
458 3285 555 3340 vestus
567 3280 647 3358 quod
659 3298 713 3339 nos
732 3280 769 3339 de
788 3293 914 3341 assensu·
926 3286 956 3341 et
970 3282 1122 3342 voluntate
1136 3279 1266 3358 Capituli
1279 3280 1374 3340 Exon’

272 3381 360 3441 super
372 3360 491 3423 ecclesia
504 3362 541 3421 de
554 3361 679 3421 Bamton
693 3366 724 3422 et
737 3361 875 3422 omnibus
893 3363 958 3439 ejus
973 3362 1160 3441 pertinenciis
1174 3367 1204 3421 et
1217 3361 1297 3421 omni
1307 3360 1374 3439 jure

271 3445 365 3523 ipsius
378 3456 410 3503 se
423 3446 527 3519 sponte
546 3442 717 3519 simpliciter
735 3446 765 3502 st
784 3442 871 3521 plene
890 3448 988 3504 nostre
1007 3463 1058 3522 per
1078 3444 1176 3503 omnia
1192 3441 1374 3519 subjicientis

268 3524 468 3603 jurisdictioni
487 3527 517 3584 et
536 3521 574 3582 de
593 3541 711 3584 assensu
731 3524 838 3602 Rogcri
850 3524 963 3585 Decani
982 3530 1012 3585 et
1029 3524 1160 3603 Capituli
1178 3523 1272 3583 nostri
1291 3523 1374 3584 Linc'

271 3625 358 3684 super
370 3605 429 3666 biis
442 3604 656 3664 ordinacionem
668 3604 790 3667 lecimus
808 3606 843 3666 in
861 3605 948 3665 modo
960 3607 1130 3683 subscripto.
1172 3604 1374 3665 Ooncessimus

273 3686 411 3781 Capitale
426 3685 520 3745 Exon'
528 3689 625 3780 'totam
644 3684 726 3779 illam
746 3686 911 3764 porcionem
923 3687 963 3781 'iu
982 3689 1113 3765 proprios
1124 3704 1195 3745 usus
1206 3684 1374 3781 babendum

247 3832 252 3854 ⁶
273 3771 537 3909 dilituit
545 3765 1373 3927 atttritiirllqlllffillltlllllb

273 3948 398 4008 prosus
417 3928 576 3989 voluntate.
617 3928 730 3988 Verum
752 3928 790 3989 de
810 3929 944 4006 porcione
966 3948 1055 4007 quam
1074 3929 1220 3989 Robertus
1239 3928 1276 3987 de
1290 3927 1374 4004 Lucy

273 4010 370 4071 tenuit
396 4014 426 4071 et
455 4009 512 4069 alia
534 4010 669 4087 porcione
696 4028 784 4087 quem
811 4009 964 4070 Johannes
989 4011 1030 4070 fil'
1057 4010 1203 4071 Johaunis
1224 4008 1373 4086 quondum
1446 4015 1448 4019 '

272 4090 475 4153 Archidiscon’
489 4090 593 4150 Totou’
608 4090 704 4150 tenuit
718 4090 751 4150 in
765 4090 864 4151 eedem
878 4092 1006 4165 ecclesia,
1021 4092 1064 4151 ita
1080 4091 1278 4151 ordinavimus
1293 4089 1373 4167 quod

269 4172 320 4233 ille
335 4172 386 4249 qui
399 4172 524 4233 vicarius
537 4175 582 4231 est
594 4170 675 4231 illiue
688 4171 833 4249 porcionis
846 4191 934 4251 quam
944 4171 981 4232 lt
996 4172 1034 4232 de
1047 4172 1130 4249 Lucy
1144 4172 1241 4231 tenuit
1254 4174 1373 4231 centum
1476 4211 1480 4219 -

272 4254 380 4313 solidos
403 4270 515 4313 annuos
536 4252 676 4329 quamdiu
698 4253 807 4313 vixerit
827 4252 945 4314 nomine
965 4254 1099 4313 beneficii
1121 4251 1259 4329 capitulo
1279 4252 1372 4311 Exon’

270 4334 415 4412 persolvet
429 4334 464 4393 de
478 4333 578 4393 eadem
592 4334 744 4411 porcione:
764 4332 786 4393 J
786 4333 915 4394 ohannes
927 4353 996 4396 vero
1009 4338 1183 4395 memoratus
1195 4338 1254 4393 tres
1262 4351 1372 4391 marcas

269 4433 381 4477 annues
404 4415 499 4475 eidem
523 4414 660 4495 Capitulo
686 4414 820 4475 similiter
843 4420 907 4475 tota
924 4416 992 4499 ‚nte
1014 4434 1067 4476 sua
1088 4412 1234 4497 persolvet
1259 4412 1296 4475 de
1319 4431 1372 4474 sua
