3192 5367
316 536 359 601 66
713 550 818 605 LIBER
839 550 1017 615 aurluuus

377 714 532 769 ΑΙΞΟΗΙ).
559 699 676 760 1Γ16616
700 700 734 759 16
760 699 879 759 ecclesia
904 700 941 759 de
967 698 1082 773 diioui,
1106 718 1164 777 que
1187 702 1230 761 661
1253 700 1356 778 prioris
1383 707 1415 761 61

315 780 518 844 canonicorum
531 780 682 857 hospitalis
696 785 779 841 extra
798 780 939 852 Lincoln'‚
960 800 1012 859 per
1030 781 1201 858 magistrum
1219 780 1416 859 Reginaldum

315 864 353 925 de
380 863 470 926 Oestr'
497 860 649 922 officialem
674 860 787 921 domini
814 862 941 939 episcopi
967 862 1078 923 dudum
1112 863 1153 921 eie
1183 866 1228 922 eet
1261 863 1415 924 ordinata:

315 944 460 1016 videlicet,
475 942 554 1019 quod
576 943 701 1003 vicarius
723 947 879 1021 perpetuus
901 944 934 1003 16
954 943 1052 1003 eadem
1074 943 1192 1003 66616616
1205 948 1234 1004 61
1247 944 1357 1021 capella
1377 944 1414 1004 de

314 1025 463 1105 Riggesby
476 1024 652 1084 constitutus
665 1024 785 1084 habebit
797 1029 887 1084 totam
910 1030 1014 1084 terram
1035 1024 1152 1084 ecclesie
1172 1028 1202 1083 et
1222 1026 1329 1101 capello
1346 1044 1414 1085 cum

314 1108 406 1184 pratia
419 1105 532 1183 pascuis
545 1111 575 1165 et
588 1105 713 1182 pasturis
732 1110 763 1164 61
782 1105 918 1165 turbariis
938 1109 968 1165 61
988 1105 1123 1165 omnibus
1142 1104 1208 1163 aliis
1226 1106 1414 1183 pertinenciis

315 1188 376 1247 suia
400 1191 431 1246 et
452 1186 637 1246 libertatibus
657 1190 777 1263 excepta
799 1187 954 1246 medietate
977 1187 1071 1245 66661
1091 1185 1169 1264 apud
1192 1186 1304 1247 Alford'
1325 1206 1414 1263 quam

315 1268 447 1328 canonici
470 1267 622 1345 hospitalis
646 1273 728 1327 extre
750 1266 883 1327 1166616Ι
896 1266 1048 1327 habebunt
1068 1267 1105 1326 ad
1124 1268 1290 1327 faciendum
1302 1268 1413 1328 ibidem

315 1349 417 1409 horrea
429 1367 482 1409 sua
494 1349 531 1408 ad
544 1348 744 1425 reponendum
757 1348 883 1408 decimas
895 1348 1047 1425 garbarum
1062 1348 1100 1407 ad
1109 1348 1251 1423 prefatam
1264 1349 1413 1409 ecclesiam

315 1435 346 1490 61
365 1430 505 1509 capellam
524 1430 710 1507 pertinentes,
731 1448 788 1505 que
808 1430 1006 1489 conceduntur
1025 1429 1067 1488 616
1092 1430 1204 1507 integre
1223 1430 1256 1489 16
1282 1432 1413 1508 proprios

314 1530 385 1571 usus
413 1511 613 1571 convertenda
655 1510 786 1570 Habebit
812 1511 903 1569 eciam
928 1510 1007 1570 idem
1033 1510 1158 1569 vicarius
1187 1510 1325 1587 altaragia
1351 1516 1413 1571 166

314 1592 432 1659 66616616
464 1610 553 1669 quarn
584 1591 701 1669 capelle,
729 1590 840 1651 scilicet
867 1592 1029 1651 oblaciones
1055 1595 1214 1667 proventus
1248 1598 1277 1651 et
1311 1611 1413 1651 omnes
1518 1624 1522 1636 ·-

314 1673 507 1734 obrencionee
519 1676 614 1750 preter
626 1672 751 1731 decimas
763 1673 916 1750 garbarum
929 1677 963 1732 ut
976 1672 1139 1749 predictum
1148 1677 1201 1745 est,
1212 1676 1242 1733 et
1251 1673 1283 1731 in
1296 1674 1413 1751 propria

312 1772 435 1831 pereum
446 1754 533 1813 faciet
544 1754 589 1813 ibi
607 1754 794 1813 residentiam
815 1756 844 1813 61
863 1754 896 1812 16
916 1753 1017 1813 ordine
1036 1753 1205 1813 sacerdotali
1224 1754 1411 1829 ministrabit,

313 1840 343 1895 61
355 1835 388 1895 16
401 1834 511 1913 capella
522 1854 574 1912 per
586 1834 677 1895 aliurn
689 1834 870 1911 capellanum
882 1834 1028 1908 idoneum,
1051 1834 1102 1911 qui
1122 1852 1232 1893 moram
1250 1835 1293 1895 ibi
1312 1834 1410 1909 faciet,

313 1920 508 1993 competenter
531 1916 618 1975 faciet
631 1916 796 1989 ministrari
809 1915 962 1993 omniaque
975 1934 1062 1975 onera
1075 1920 1211 1975 66666616
1225 1921 1255 1976 61
1268 1916 1412 1977 ordinaria

312 1997 486 2057 sustinebit:
507 1997 546 2056 ob
559 1996 638 2073 qnod
650 1998 684 2055 in
696 1996 839 2056 auxilinm
852 1996 951 2056 decem
965 1996 1072 2056 solidos
1085 2016 1102 2055 a
1114 1996 1236 2074 prefatis
1256 1998 1411 2071 canonicis,

312 2077 422 2137 scilicet
445 2078 483 2137 ad
505 2078 642 2155 pascham
654 2097 676 2137 6
687 2076 805 2151 solidos,
819 2081 849 2138 61
871 2076 910 2137 61
926 2078 1033 2137 festum
1048 2076 1077 2137 S.
1093 2076 1246 2137 Michaelis
1259 2098 1281 2138 6
1293 2078 1410 2151 solidos,

311 2158 452 2235 percipiet
464 2158 623 2218 annuatim.

375 2332 537 2387 κΑΥῚἙΒ’.
564 2314 716 2401 [0616161
767 2318 886 2379 Vicaria
904 2320 935 2379 iu
957 2318 1075 2381 ecclesia
1094 2320 1131 2379 de
1150 2318 1271 2379 Katteb’
1289 2338 1345 2395 que
1365 2324 1411 2380 est

312 2400 483 2460 monialium
496 2399 607 2459 ordinis
620 2401 658 2460 da
678 2400 903 2477 Sempingeham
922 2400 959 2461 de
977 2400 1064 2461 domo
1079 2400 1167 2474 Sixle,
1183 2420 1235 2477 per
1247 2400 1410 2476 predictum

308 2482 483 2559 Magistrum
502 2481 538 2541 11
560 2480 711 2541 officialem
738 2480 852 2540 dudum
871 2482 913 2541 sic
933 2486 977 2541 661
998 2482 1147 2542 ordinata:
1171 2482 1308 2541 videlicet
1328 2482 1410 2558 quod

310 2563 435 2622 vicarius
447 2562 491 2621 ibi
508 2569 647 2641 perpetuo
666 2562 882 2622 ministraturus
902 2561 1022 2622 babebit
1042 2567 1136 2622 totum
1156 2561 1327 2638 altaragium
1341 2580 1409 2622 cnm

310 2648 386 2703 terra
398 2643 558 2703 6661661661
570 2644 687 2703 redditu
700 2649 729 2703 61
743 2644 878 2703 omnibus
898 2644 963 2703 aliis
983 2643 1169 2721 pertinenciis
1182 2648 1212 2703 et
1224 2643 1409 2703 libertatibus

265 2801 268 2804 x
309 2725 343 2784 iu
356 2724 448 2802 pratia
464 2725 578 2801 pascuis
597 2730 627 2784 et
646 2724 790 2799 turbariis,
812 2729 842 2784 61
862 2724 1047 2785 6611616166
1067 2725 1104 2784 16
1123 2724 1242 2784 decimis
1255 2724 1409 2801 garbarum

310 2824 378 2864 cum
396 2805 450 2864 tali
469 2806 580 2866 66111661
598 2809 753 2882 augmento
772 2805 853 2882 quod
878 2805 1004 2865 decimes
1027 2806 1178 2883 garbarum
1198 2804 1235 2865 de
1254 2804 1331 2865 66116
1350 2825 1409 2882 que

310 2886 419 2946 dicitur
438 2885 581 2946 Suthdale
599 2906 688 2963 quam
707 2886 845 2945 excolunt
864 2886 1031 2963 parochiani
1051 2886 1167 2947 ecclesie
1188 2886 1315 2964 predicte
1328 2890 1357 2945 61
1370 2886 1408 2946 16

291 3012 295 3019 -
309 2967 436 3043 quadam
445 2968 559 3027 cultura
568 2967 604 3027 de
615 2968 701 3027 16616
712 2966 829 3027 Ricardi
838 2968 875 3026 de
889 2968 1047 3029 Sauntiord
1059 2970 1091 3027 in
1102 2968 1201 3027 eadem
1211 2966 1287 3027 valle
1296 2967 1408 3044 integre

309 3049 448 3125 percipiet
457 3068 467 3122 3
479 3048 618 3108 monialae
626 3048 744 3125 quidem
752 3048 881 3125 predicte
889 3049 1075 3107 medietatam
1083 3049 1119 3108 de
1128 3048 1247 3107 decimis
1256 3048 1408 3124 garbarum

309 3133 504 3205 preterquam
518 3129 646 3204 dedicta
657 3128 734 3189 66116
754 3133 784 3187 61
804 3130 917 3189 cultura
930 3130 966 3188 de
980 3128 1123 3189 Suthdale
1137 3130 1297 3206 percipient
1309 3128 1348 3189 61
1360 3130 1407 3187 661

308 3214 395 3286 potus
413 3210 632 3270 incrementum.
674 3209 809 3269 Vicarius
829 3229 896 3269 vero
917 3210 1105 3271 residenciam
1122 3210 1268 3269 incudem
1288 3209 1407 3269 ecelesia

307 3289 395 3349 faciet
414 3295 445 3349 et
462 3291 496 3350 in
519 3292 634 3369 propria
659 3309 782 3370 persona
800 3290 834 3350 in
854 3290 948 3351 officio
974 3291 1144 3351 sacerdotali
1170 3290 1354 3364 ministrabit,
1377 3295 1406 3350 et

307 3370 459 3446 synodalia
471 3372 674 3433 tantummodo
685 3372 788 3433 661661
831 3372 976 3433 1166166166
987 3377 1085 3433 66166
1098 3371 1225 3451 predicte
1240 3374 1338 3431 omnia
1349 3372 1407 3431 alia

307 3470 394 3511 onera
405 3452 600 3515 6611661661.
770 3455 774 3463 ’

780 3530 844 3615 [ro.
861 3530 934 3615 19⁵}

366 3650 685 3708 νιεθτηΑνεΝῠΑυ,
712 3640 829 3700 Vicaria
840 3641 873 3699 16
893 3640 1011 3700 ecclesia
1030 3640 1068 3701 de
1087 3638 1327 3714 Westravendal',
1349 3657 1406 3717 que

306 3724 351 3779 661
365 3717 479 3779 abbatie
492 3725 522 3778 et
541 3725 702 3781 conventus
721 3721 759 3780 de
778 3721 861 3780 Bello
881 3720 982 3793 Portu,
1004 3740 1055 3799 per
1072 3719 1226 3781 dominnm
1238 3721 1405 3798 episcopum

179 3806 186 3816 ’
305 3801 349 3860 616
367 3805 413 3859 eet
432 3800 572 3861 ordinata
612 3800 747 3861 Vicariue
765 3807 923 3880 perpetuus
948 3802 1069 3862 habebit
1089 3803 1208 3861 nomine
1226 3802 1333 3861 vicarie
1352 3820 1405 3862 666

306 3898 438 3939 annuum
463 3881 553 3941 unius
578 3883 710 3942 canonici
735 3882 848 3943 616166
871 3902 889 3942 6
912 3883 1049 3959 predictis
1077 3882 1230 3957 canonicis,
1258 3888 1289 3942 61
1314 3902 1404 3943 unam

306 3979 430 4021 marcam
443 3980 570 4021 666666
589 3963 668 4039 apud
687 3962 925 4024 Westravendal'.
969 3964 1033 4042 Ipsi
1051 3969 1150 4025 66166
1163 3964 1293 4025 66666161
1306 3964 1405 4023 omnia

306 4061 393 4102 onera
405 4042 486 4102 illius
498 4043 615 4103 ecclesie
628 4045 772 4104 ordinaria
784 4046 979 4106 sustinebunt.

368 4218 612 4273 immons
656 4206 696 4265 In
728 4186 1014 4283 augmentacionibus
1048 4206 1134 4266 166116
1167 4212 1296 4284 tempore
1325 4190 1423 4267 beati

305 4285 427 4345 Roberti
438 4286 592 4346 inventum
605 4288 703 4347 661616
716 4288 944 4365 scriptumr-vj
959 4286 1028 4347 non'
1042 4288 1142 4364 Martii
1157 4307 1234 4348 anno
1248 4287 1309 4363 xvij
1324 4287 1404 4365 apud

306 4365 466 4443 Lidington
492 4368 614 4427 adauxit
639 4370 791 4446 episcopua
825 4370 961 4429 vicariam
991 4368 1139 4429 ecclesiam
1166 4369 1203 4429 de
1236 4368 1401 4446 Langetolt,
