3192 5367
269 478 311 545 ³6
391 492 393 499 ¹
668 496 772 551 niens
793 496 970 561 muscum

269 646 401 727 partibus
414 644 524 706 decime
537 644 690 723 garbarum
709 644 746 705 de
765 645 819 723 viij
834 645 954 722 virgatis
967 649 1042 705 terre
1055 645 1090 705 in
1101 664 1203 723 campo
1216 644 1253 706 dc
1266 644 1371 707 Eueul'

268 734 300 790 st
318 730 352 788 in
371 727 490 788 decimis
510 726 633 787 duarum
651 726 828 805 rirgetsrum
846 726 880 786 in
899 745 990 803 parra
1011 724 1186 788 Whiteieud
1204 746 1273 789 cum
1291 729 1371 788 curia
1453 799 1458 803 ‚

269 810 380 871 Thcme
393 808 431 869 de
443 808 620 869 &mentiare
633 812 663 868 ct
675 809 708 867 in
721 807 841 867 decimis
854 807 917 867 feni
930 812 961 867 et
972 806 1107 867 mcisud'.

333 985 484 1040 Ενεκιε
530 969 647 1031 Viccris
672 971 706 1030 in
732 970 851 1031 ecclesia
877 969 914 1030 de
941 968 1046 1029 Euenl'
1071 989 1130 1047 que
1149 975 1194 1031 est
1214 970 1317 1050 prioris
1341 976 1371 1032 et

270 1057 431 1115 conventus
451 1052 489 1112 de
515 1052 686 1113 Huutedcn’
705 1052 877 1113 auctoritate
896 1050 1013 1111 concilii
1032 1052 1166 1112 ordinets
1184 1053 1319 1113 consistit
1338 1053 1371 1113 in

272 1134 408 1195 omnibus
422 1133 650 1194 obvencionibm
663 1132 782 1193 decimis
803 1137 833 1193 et
852 1132 1052 1193 oblacionibus
1070 1133 1109 1193 ad
1128 1132 1210 1193 illsrn
1223 1133 1372 1195 ecclesiam

271 1214 485 1295 pertinentibus
505 1219 599 1292 preter
619 1214 744 1275 decimus
764 1214 917 1292 garbarum
936 1217 967 1273 et
986 1213 1049 1273 feni
1068 1219 1098 1274 ct
1116 1218 1212 1291 preter
1231 1219 1322 1275 terras
1341 1220 1372 1277 et

273 1296 399 1357 decimes
407 1296 485 1356 curie
493 1294 831 1371 canonicorumllunted'
839 1295 873 1354 in
881 1292 981 1354 eadem
989 1294 1067 1355 villa
1090 1294 1372 1357 Consistitecismin

272 1377 392 1438 decimis
404 1376 458 1454 viij
472 1378 649 1455 virgatam
659 1380 734 1437 terre
747 1376 781 1437 in
792 1394 895 1453 campo
905 1374 942 1436 de
952 1375 1111 1438 cherletcn
1119 1395 1177 1454 que
1187 1382 1320 1455 spectant
1333 1378 1373 1438 ad

271 1460 366 1537 ipsam
379 1458 527 1519 occludam
541 1457 578 1518 de
591 1456 695 1517 Eusnl’
709 1462 739 1519 ct
758 1458 791 1517 in
805 1456 958 1543 duodecim
970 1457 1045 1517 acris
1057 1460 1132 1517 terre
1144 1477 1216 1536 quas
1230 1458 1371 1519 Ricardus

271 1539 312 1601 fil·
325 1539 432 1600 Metill’
445 1540 542 1601 tenuit
555 1543 585 1599 et
604 1538 637 1598 in
656 1557 757 1599 manso
776 1558 795 1598 a
814 1556 905 1615 parve
923 1541 1006 1615 porta
1024 1536 1154 1615 ipsorum
1167 1539 1372 1600 canonicorum

272 1639 329 1699 qus
343 1620 425 1681 ducit
436 1620 474 1681 ad
487 1620 636 1681 sedeciam
648 1639 740 1697 usque
759 1620 798 1680 sd
810 1623 924 1697 portam
936 1619 1191 1697 septentrionalem
1203 1620 1370 1682 eorumdem

273 1700 438 1763 sustinebit
460 1706 558 1761 autam
580 1701 705 1761 vicarius
732 1702 831 1761 omnia
856 1718 943 1760 onera
961 1700 1054 1778 ipsius
1077 1699 1196 1761 ecclesie
1218 1702 1319 1762 debita
1341 1707 1372 1761 et

272 1787 410 1843 consuetu
422 1786 518 1860 preter
531 1782 694 1859 hospicium
707 1780 914 1843 Amhidiaccni
926 1781 1007 1859 quud
1020 1782 1152 1842 csncnici
1164 1783 1370 1860 procurabunt.

334 1956 523 2012 Μεῃετοκ,
564 1942 680 2003 Vicetia
691 1943 725 2003 in
738 1942 858 2004 ecclesis
876 1944 914 2003 de
933 1942 1066 2003 Merstcn
1084 1962 1142 2022 qus
1155 1947 1200 2005 est
1212 1944 1327 2005 sbbetis
1342 1949 1372 2005 et

272 2029 433 2085 conventus
443 2022 758 2093 S.,Ebrulficxdudum
768 2024 1373 2103 oldinateconsistitinaltaregicejusdem

271 2105 390 2166 ecclesie
409 2108 439 2164 et
458 2104 631 2182 cspellarum
651 2105 689 2165 sd
707 2106 803 2184 ipsam
828 2106 1041 2184 pertinencium
1059 2109 1090 2165 et
1109 2107 1232 2167 minutis
1251 2108 1373 2168 decimis

271 2187 363 2248 totius
377 2185 511 2263 parochie
531 2192 561 2247 et
580 2186 613 2246 in
633 2190 695 2247 tots
715 2186 827 2247 decima
846 2187 999 2265 garbarum
1018 2187 1056 2247 de
1074 2186 1319 2249 Wauerkeworth
1334 2189 1374 2249 ad

271 2267 414 2347 prefatum
427 2265 575 2327 ecclesiam
595 2268 633 2327 de
652 2268 784 2328 Merston
804 2268 968 2345 pertinente
987 2272 1019 2328 et
1037 2269 1070 2329 in
1089 2288 1150 2329 une
1167 2270 1280 2348 virgata
1297 2274 1373 2329 terre

272 2368 340 2409 cum
353 2366 453 2408 menso
467 2366 557 2425 quem
575 2348 649 2409 Rob'
670 2349 706 2408 de
726 2348 870 2409 Acrinton
886 2349 983 2409 tenuit
995 2353 1026 2409 et
1041 2350 1075 2410 in
1087 2348 1208 2410 decimis
1220 2351 1373 2430 garbarum

274 2428 486 2491 dsMiddelton
494 2430 688 2490 edecclssism
696 2430 733 2490 de
741 2428 873 2490 Merston
883 2429 1112 2507 pertinentibus:
1126 2432 1373 2492 salvisxxsolidis

271 2512 378 2572 annuis
390 2512 427 2571 de
441 2509 541 2571 eadem
553 2512 660 2572 viceris
672 2530 724 2589 per
742 2530 863 2572 manum
875 2512 977 2571 vicarii
996 2512 1114 2573 ecclesis
1126 2513 1164 2572 de
1177 2513 1309 2573 Merstcn
1321 2513 1374 2591 qui

272 2612 325 2673 pro
344 2597 473 2670 tempore
491 2592 580 2653 fuerit
599 2592 719 2670 prcistis
744 2592 846 2653 abbati
864 2596 895 2652 et
914 2592 1073 2653 conventui
1091 2594 1297 2671 persolvendis
1339 2594 1374 2656 Si

273 2680 371 2734 autem
401 2674 551 2753 continget
577 2674 721 2752 predictos
747 2674 904 2734 monachos
929 2674 1009 2752 apud
1035 2674 1167 2734 Merston
1189 2676 1224 2735 in
1249 2676 1374 2754 propriis

273 2754 376 2815 usibus
401 2755 630 2815 instsurements
656 2753 761 2815 bebere
781 2755 841 2833 ipsi
862 2755 999 2815 monachi
1017 2773 1036 2814 a
1055 2760 1178 2833 pricdne
1197 2756 1374 2817 decimarum

273 2836 390 2896 illorum
409 2838 703 2897 instauramentcmm
722 2842 808 2896 erunt
827 2836 979 2898 immunes.
1022 2838 1063 2897 Et
1075 2837 1233 2899 sustinebit
1248 2837 1373 2898 vicarius

274 2918 372 2977 omnis
385 2936 472 2978 oners
484 2918 566 3007 illius
578 2918 696 2979 eedssie
709 2916 809 2978 debite
821 2922 852 2977 et
864 2922 1009 2979 consueta

334 3092 562 3148 SULEGRAVE
602 3078 719 3139 Vicaric
738 3077 772 3138 in
791 3078 911 3139 ecclesia
924 3078 967 3142 ‚de
987 3078 1145 3156 Sulegreus
1157 3098 1214 3158 que
1226 3079 1330 3158 prioris
1342 3084 1373 3140 et

274 3164 436 3221 conventus
450 3160 480 3222 fl.
495 3160 613 3221 Andree
632 3160 664 3220 N
665 3159 860 3239 orthampton'
873 3160 1045 3227 auctoritate
1057 3162 1175 3222 concilii
1186 3162 1229 3222 sic
1241 3161 1375 3222 ordinata

274 3245 326 3301 est
381 3240 516 3301 Vicarius
549 3240 669 3302 hebebit
703 3242 822 3301 nomine
854 3242 962 3303 vicarie
976 3254 979 3258 ’
991 3262 1043 3303 sue
1075 3247 1172 3303 totum
1203 3242 1375 3320 ultaregium

275 3324 416 3383 ettotam
437 3326 542 3382 terrem
565 3322 741 3383 dominicam
767 3323 885 3383 ecclesie
903 3324 931 3383 si
948 3324 1046 3384 valeat
1064 3342 1154 3385 unam
1179 3342 1304 3384 marcum
1323 3329 1375 3401 per

274 3420 403 3463 annum:
423 3402 554 3480 alioquin
573 3403 758 3482 provideatur
771 3404 799 3463 ei
811 3424 863 3482 por
882 3404 1128 3465 Archidiaconum
1147 3405 1179 3465 N
1179 3405 1374 3483 crthsmpton'

276 3501 368 3560 usque
380 3483 419 3543 ad
431 3484 591 3544 selenciam
605 3485 693 3545 unius
706 3504 799 3545 merce
810 3505 926 3547 annue:
946 3491 976 3546 et
985 3487 1080 3547 solvet
1089 3486 1213 3547 vicsrius
1221 3486 1372 3559 sinodalia,
1427 3535 1431 3542 .

276 3564 412 3625 monechi
423 3582 492 3625 vero
505 3565 669 3644 hospicium
681 3566 888 3627 Archidiaconi
899 3566 1105 3645 procurabunt.

338 3739 546 3796 ΝευΒοΤιε.
586 3727 703 3788 Vinaria
721 3728 755 3787 in
774 3728 894 3789 ecclesia
911 3728 949 3789 ds
968 3728 1116 3790 Neubotle
1135 3747 1193 3807 que
1209 3733 1254 3789 est
1271 3726 1376 3807 prioris

276 3810 308 3866 ct
335 3811 496 3867 conuentus
530 3806 715 3886 Duneetepll'
742 3808 892 3870 exdudum
925 3810 1059 3871 ordinata
1089 3811 1224 3871 consistit
1252 3811 1286 3870 in
1311 3814 1375 3869 tcto

276 3887 412 3966 altarsgio
438 3906 506 3948 cum
531 3890 654 3951 minutis
683 3889 804 3950 decimis
830 3896 861 3950 et
885 3891 919 3951 in
944 3892 1090 3969 mesuagio
1116 3896 1148 3951 et
1173 3892 1265 3952 crofta
1286 3892 1376 3968 juxte

277 3969 452 4029 cimiterium
465 3988 532 4029 cum
544 3970 604 4031 suis
617 3970 804 4048 pertinenciis
816 3976 847 4031 et
859 3971 953 4033 solvet
962 3973 1088 4033 vicarius
1097 3972 1239 4033 suadelis
1248 3977 1372 4046 tantum,

279 4050 420 4111 Ocnonici
446 4055 544 4111 sutem
570 4055 664 4112 cetera
687 4071 774 4113 onera
796 4053 889 4130 ipsius
912 4052 1030 4113 ecclesie
1056 4054 1157 4114 debite
1181 4058 1212 4113 et
1238 4057 1376 4114 consuete

278 4130 473 4194 sustinebunt.
521 4131 544 4193 J
544 4132 669 4194 crdsnus
682 4138 779 4194 sutem
792 4134 918 4195 vicarius
930 4135 1085 4195 institutus
1097 4139 1143 4195 est
1153 4135 1235 4196 salvo
1248 4154 1282 4195 ec
1295 4134 1375 4211 quod

278 4212 306 4273 si
318 4211 454 4273 dominus
466 4212 628 4293 Episcopus
644 4234 695 4293 per
710 4215 861 4275 arctiorem
878 4216 1100 4293 inquisicionem
1119 4216 1212 4293 pessit
1231 4216 1376 4293 inquirere

278 4294 417 4355 vicariam
423 4294 582 4372 predictam
590 4314 652 4357 esse
661 4296 759 4356 miuus
768 4296 960 4357 sufficientem
969 4297 1376 4375 constitueteamamplicrem

278 4375 438 4437 secundum
451 4376 666 4441 estimacionem
679 4378 769 4438 totius
782 4378 916 4439 beneficii
927 4383 958 4439 et
970 4378 1050 4440 valet
1062 4379 1170 4439 vicarie
1183 4374 1305 4460 [blasti
1413 4436 1419 4447 ,
