3192 5367
288 502 331 567 54
688 516 792 572 LIBER
814 518 991 583 Autumnus

290 669 330 730 sd
342 667 464 729 undem
476 666 624 727 ecclesiam
637 667 882 743 proveniencium
924 665 1022 727 Debet
1037 670 1134 727 comm
1149 665 1274 727 vicarius
1290 666 1389 727 omnic

291 769 379 811 onere
391 746 565 826 episcopelis
577 747 657 807 illiue
670 747 788 807 ecclesie
808 747 907 807 debite
926 752 956 807 et
975 752 1112 808 consuetu
1130 748 1271 808 sustiuere
1290 752 1387 825 preter

291 830 455 908 hospicium
467 828 663 889 archidiaconi
674 829 754 905 quod
767 828 839 889 dicti
852 828 941 890 ebbes
954 832 984 889 et
997 833 1158 889 conventos
1169 828 1371 907 procurabunt

353 1028 538 1085 sowoesv
577 1011 668 1097 [altos
688 1026 867 1084 sonetur
889 1012 966 1097 (l>*].
1011 1015 1128 1075 viceris
1152 1015 1186 1074 in
1213 1015 1331 1075 ccclesia
1350 1015 1388 1075 de

292 1096 439 1174 Roucrby
450 1114 508 1174 quc
520 1099 566 1155 est
587 1096 692 1174 prioris
704 1099 735 1154 ct
746 1100 908 1155 conventus
920 1096 958 1157 de
971 1096 1123 1157 Schelford
1135 1098 1268 1157 consistit
1279 1097 1313 1155 in
1324 1101 1388 1157 toto

292 1178 430 1256 nltcrcgio
462 1176 628 1237 medietatis
654 1194 721 1236 cum
746 1177 924 1254 competenti
947 1196 1047 1238 menso
1073 1177 1246 1253 assignando
1268 1182 1388 1254 excepta

292 1257 569 1321 terreedecclesiem
579 1257 751 1335 pertinento
793 1256 952 1318 Reddendo
962 1258 1032 1319 inde
1041 1258 1192 1319 muuetim
1203 1258 1289 1318 dietis
1299 1258 1389 1335 priori

291 1346 323 1401 et
332 1339 489 1403 conventui
498 1338 535 1399 de
546 1338 698 1399 Scheliord
711 1357 753 1397 xx
766 1337 875 1399 solidos
885 1339 994 1399 scilicet
1007 1339 1045 1399 sd
1057 1338 1193 1417 peccham
1206 1358 1228 1398 x
1241 1338 1293 1399 sol’
1306 1344 1336 1398 et
1349 1339 1388 1399 ed

290 1423 400 1483 festum
413 1420 442 1481 fl
459 1419 612 1479 Michaelis
624 1439 646 1479 x
658 1418 717 1478 eol’.
761 1418 802 1478 Et
811 1418 868 1497 ipsi
880 1420 959 1499 prior
971 1425 1001 1479 et
1019 1426 1179 1481 conventus
1192 1420 1388 1497 procurabunt

291 1503 456 1581 hospicium
478 1500 686 1562 Archidisconi
708 1503 739 1559 et
761 1501 860 1560 omnic
885 1501 943 1561 ulie
969 1519 1056 1561 onere
1081 1500 1268 1560 sustinebunt
1293 1505 1389 1580 preter

291 1583 443 1663 synodalis
455 1600 513 1659 que
525 1582 650 1643 noerius
659 1580 754 1642 solvet
763 1581 965 1642 tantummodo
975 1582 1134 1643 annuatim.
1177 1582 1218 1642 Et
1227 1586 1272 1643 est
1281 1582 1389 1642 moeris

291 1682 491 1726 vm
733 1766 949 1811 munerum.
1351 1730 1463 1841 χ.

354 1938 647 1995 ιΕυΕεΙΝΘΕΗΑΜ
671 1920 900 2007 [ἱΛωίνιρῙωηι]
938 1925 1261 1986 Vicericinmedietcte
1270 1925 1389 1986 ecclesie

292 2007 330 2067 de
342 2004 572 2082 Iouesingehum
591 2022 649 2082 que
668 2011 713 2065 est
731 2006 890 2066 eorundem
909 2006 1041 2067 consistit
1061 2007 1091 2066 in
1114 2006 1249 2067 omnibus
1266 2007 1388 2067 minutis

292 2088 412 2148 decimis
433 2092 463 2146 et
484 2086 714 2146 obvencionibus
732 2086 831 2147 eltcsis
851 2092 880 2147 et
900 2086 1019 2147 decimis
1039 2087 1102 2147 feni
1122 2086 1199 2147 dicte
1225 2087 1389 2147 medietatis

292 2174 322 2228 et
335 2169 368 2228 in
381 2168 495 2227 duobus
508 2166 623 2226 bevotis
642 2171 716 2227 terre
736 2169 799 2227 eine
819 2187 928 2242 menso,
943 2174 973 2229 et
989 2167 1082 2229 solvet
1100 2168 1223 2229 vicarius
1237 2168 1389 2245 synodelie

292 2254 425 2309 mutum:
458 2248 532 2308 dicti
557 2253 656 2308 eutem
682 2248 761 2326 prior
787 2254 819 2309 et
847 2254 1007 2310 conventus
1035 2250 1201 2309 omnimode
1224 2249 1281 2309 elie
1302 2268 1389 2309 onere

292 2330 477 2391 medictetem
497 2329 592 2406 ipsum
611 2330 813 2407 eoutingcncie
836 2330 1031 2392 sustinebunt.
1074 2330 1115 2391 Et
1136 2330 1215 2391 velet
1238 2330 1346 2391 vicerit
1368 2350 1389 2390 v

291 2411 386 2487 merc',
400 2430 466 2491 pers
478 2409 583 2489 prioris
595 2414 714 2487 septem

351 2611 635 2667 εεΜΡιΝοεΗΑΜ,
676 2596 792 2658 Viceric
807 2597 840 2657 in
856 2596 973 2659 ecclesie
987 2597 1023 2657 de
1038 2597 1261 2676 Sempingehcm
1275 2616 1333 2675 que
1345 2602 1390 2659 est

289 2680 419 2759 magistri
433 2683 464 2739 et
476 2683 637 2739 conventus
650 2678 688 2739 de
703 2679 927 2756 Sempingehem
940 2680 981 2738 sic
996 2684 1040 2739 est
1054 2679 1195 2739 ordinate.
1254 2678 1388 2739 Vicerius

291 2760 412 2821 hebebit
437 2760 556 2820 nominc
576 2760 683 2819 vicarie
702 2759 838 2819 undecim
855 2760 1000 2838 quarterio
1017 2760 1157 2820 frumenti
1177 2759 1332 2838 peccabilis
1351 2760 1389 2820 ed

290 2843 430 2902 terminos
439 2840 654 2901 necionebiliter
665 2841 836 2901 statuendos
847 2839 1187 2918 ethebebitduoepencs
1198 2842 1390 2902 serviencium

292 2923 416 3001 siugulis
429 2922 533 2982 diebus
545 2940 717 2999 perannum
726 2921 764 2981 ed
775 2940 849 2999 opus
862 2922 1003 2999 garcionis
1017 2923 1070 2982 sui.
1115 2922 1256 2984 Similiter
1269 2922 1390 2982 hebebit

292 3005 325 3063 in
338 3004 387 3064 die
401 3002 541 3063 Omnium
554 3002 727 3064 Sanctorum
733 3003 788 3079 jd,
799 3003 869 3069 3Die
879 3003 910 3062 N
910 3003 977 3062 etel'
988 3003 1110 3063 Domini
1122 3002 1197 3080 iijd„
1209 3004 1266 3064 Die
1279 3002 1390 3062 Pesche

294 3084 356 3161 ijo,
371 3084 430 3144 Die
443 3082 513 3143 festi
525 3083 642 3143 ecclesie
651 3084 696 3161 jd.
748 3083 879 3144 Habebit
890 3084 980 3143 eciem
993 3084 1152 3145 secundum
1165 3085 1291 3161 legatum
1306 3102 1390 3143 suum

292 3170 322 3225 et
335 3184 388 3242 pro
401 3183 517 3241 corpore
530 3166 657 3243 presenti
665 3165 720 3241 jd,
731 3184 784 3243 pro
797 3164 980 3241 sponsalibus
989 3165 1034 3242 jd.
1088 3165 1218 3226 Hebebit
1236 3166 1327 3225 eciem
1349 3182 1391 3224 xv

293 3244 402 3305 solidos
429 3246 541 3323 urgenti
559 3246 598 3303 ed
617 3245 691 3305 duos
714 3246 861 3306 terminos
913 3245 997 3305 Prior
1016 3251 1114 3307 eutem
1132 3246 1265 3306 inveniet
1283 3246 1390 3306 vicerio

293 3344 411 3403 equum
425 3327 675 3403 quotienscunque
687 3326 781 3387 iturus
795 3333 840 3387 eet
852 3327 891 3387 ed
904 3326 1063 3405 capitulum
1077 3332 1107 3387 et
1120 3328 1157 3387 ed
1171 3328 1315 3405 synodum
1329 3326 1391 3387 sire

293 3407 331 3467 sd
344 3412 437 3466 cetere
448 3408 568 3484 negocio
587 3408 704 3468 ecclesie
724 3413 850 3469 vocetur.
892 3407 932 3467 Et
953 3408 1030 3485 prior
1043 3413 1072 3468 et
1085 3414 1246 3469 conventus
1259 3408 1391 3485 provide·

292 3487 369 3547 bunt
395 3487 502 3547 vicerio
529 3487 567 3546 de
593 3488 670 3548 tofto
696 3488 880 3567 competenti.
939 3488 979 3547 Et
1005 3489 1201 3566 procurabunt
1228 3488 1391 3567 hospicium

292 3568 499 3629 Archidicooni
512 3573 542 3627 et
554 3572 648 3628 cetere
667 3588 754 3630 onere
772 3576 834 3631 um
854 3569 998 3630 ordinarie
1015 3590 1102 3647 quem
1117 3570 1343 3631 extreordiueric
1358 3569 1391 3628 in

293 3654 464 3728 perpetuum
477 3649 672 3711 sustinebunt
714 3651 756 3711 Et
768 3656 813 3711 est
825 3651 932 3711 viceris
944 3651 978 3710 lx
992 3652 1156 3713 solidorum.

355 3847 562 3904 ΒΑΕΤΗΟΒΡ.
617 3835 734 3920 Viceriu
772 3837 806 3897 in
842 3838 961 3899 ecclesie
998 3838 1034 3899 de
1071 3839 1216 3917 Betthorp
1253 3858 1310 3917 que
1347 3844 1393 3899 est

295 3916 452 3979 eorundem
465 3916 599 3977 consistit
617 3918 651 3977 iu
664 3921 726 3977 toto
745 3917 882 3996 eltcrcgio
903 3924 998 3997 preter
1010 3919 1105 3980 hunm
1119 3939 1186 3982 com
1198 3921 1273 3981 tofto
1286 3921 1319 3980 in
1332 3939 1392 3999 quo

294 3998 460 4079 oepellcnue
469 4004 574 4058 menet.
616 4000 657 4059 Et
666 3999 786 4059 hebebit
797 4000 834 4059 de
843 4000 930 4060 dictis
939 4001 1034 4079 priore
1043 4007 1074 4061 et
1083 4006 1229 4062 conventu
1240 4001 1393 4061 dimidiam

292 4098 425 4140 mmcem
486 4079 527 4139 Et
553 4080 615 4158 ipse
644 4080 724 4157 prior
749 4086 780 4140 ct
806 4087 967 4141 conventus
1000 4083 1196 4161 procurabunt
1228 4082 1393 4159 hospicium

292 4159 498 4221 Archidisconi
521 4165 551 4219 et
573 4166 667 4221 cetere
690 4180 777 4221 onere
799 4166 862 4221 mm
885 4162 1028 4223 ordinerie
1051 4182 1140 4240 quem
1166 4164 1393 4224 extreordinerie

291 4241 485 4303 nudnsbunt
529 4242 569 4301 Et
582 4242 745 4303 estvicerie
759 4242 803 4320 iiij
820 4262 985 4303 memorum.
