3192 5367
591 572 749 629 nuscum
771 570 894 627 wunus.
1248 553 1289 619 59

194 726 314 800 hiemet,
330 726 426 785 Adam
439 724 480 785 lil'
493 723 611 784 Radulti
629 722 747 801 pistoris
764 726 875 796 tenent,
897 724 927 781 et
946 720 979 779 in
992 739 1013 779 x
1026 718 1127 780 solidis
1140 721 1291 781 annuatim

195 809 232 868 de
245 807 333 867 dictis
344 807 438 886 priore
448 811 478 865 et
487 810 633 865 conventu
642 802 843 881 percipiendis
886 802 926 861 Et
934 802 992 879 ipsi
1005 802 1083 879 prior
1091 804 1122 859 et
1131 806 1292 861 conventus

194 889 390 966 procurabunt
403 886 566 965 hospicium
578 883 785 945 Archidiaconi
794 888 824 942 et
834 884 931 943 omnia
940 883 997 943 alia
1006 900 1093 942 onera
1105 882 1292 943 sustinebunt

195 975 226 1029 et
245 968 440 1047 providebunt
459 968 567 1029 vicario
586 966 624 1026 da
642 965 726 1025 totto.
780 964 821 1024 Et
841 969 886 1024 est
904 964 1011 1024 vicaria
1029 964 1062 1041 iij
1083 982 1243 1023 marcarum
1261 968 1292 1023 et

196 1050 324 1111 dimidie

255 1224 469 1279 mmmmm,
495 1206 781 1268 Vicariainecclesis
791 1206 1004 1283 ‹leWinthorp'
1015 1224 1071 1283 que
1082 1212 1126 1267 est
1136 1206 1293 1267 eorundem

195 1293 237 1353 sic
257 1296 302 1351 est
321 1292 461 1350 ordinata
503 1288 636 1349 Vicarius
655 1288 777 1348 hebebit
795 1306 930 1347 maneum
949 1292 1115 1364 competens
1131 1294 1160 1347 st
1183 1289 1294 1348 honum

196 1377 226 1432 et
239 1392 291 1432 sex
304 1371 448 1448 quartaria
460 1370 600 1430 frumenti
612 1369 767 1447 peccabilis
780 1373 811 1428 et
823 1370 879 1429 tria
890 1370 1033 1446 quartaria
1047 1369 1126 1428 ordei
1138 1368 1294 1447 peccabilis

197 1454 355 1513 annuatim.
411 1452 521 1511 Panem
555 1452 645 1511 eciam
678 1450 716 1509 de
748 1450 843 1523 altari,
877 1449 1040 1509 oblaciones
1072 1450 1105 1508 in
1138 1449 1294 1527 majoribus

197 1533 459 1612 solempnitatibus,
473 1531 665 1592 obvenciones
677 1531 711 1590 in
724 1530 913 1604 confessione,
928 1531 1087 1590 secundum
1100 1530 1227 1606 legatum
1240 1549 1294 1609 pro

197 1614 378 1692 sponsalibus
389 1613 443 1690 jd„
456 1632 510 1690 pro
522 1631 639 1690 corpore
652 1612 780 1689 presenti
789 1610 834 1688 jd.
877 1611 1007 1671 Habebit
1018 1616 1115 1671 autem
1124 1612 1249 1671 vicarius
1256 1611 1294 1671 ad

197 1696 336 1756 vestitum
349 1714 434 1754 suum
444 1694 595 1753 annuatim
607 1712 698 1752 unam
710 1712 834 1753 marmm
845 1692 881 1751 de
892 1693 977 1752 dictis
990 1694 1084 1769 priore
1097 1697 1127 1752 et
1140 1696 1293 1753 conventu

197 1776 239 1836 Et
257 1776 315 1853 ipsi
333 1776 412 1853 prior
431 1779 461 1835 et
482 1779 641 1835 conventus
660 1774 813 1835 invenient
832 1773 940 1834 vicario
960 1772 1093 1834 clericum
1107 1772 1245 1833 idoneum
1263 1773 1296 1832 in

198 1857 333 1934 expensis
352 1858 413 1917 suis
436 1855 560 1933 propriis
579 1860 610 1915 et
628 1855 825 1933 procurabunt
851 1854 1015 1930 hospicium
1041 1853 1247 1915 Archidiaconi
1266 1856 1297 1914 et

199 1944 292 1998 cetera
311 1956 398 1997 onera
417 1937 605 1997 sustinebunt
619 1940 649 1995 et
661 1935 859 2015 providebunt
878 1935 915 1996 do
935 1936 1030 1996 tofto:
1050 1941 1080 1996 et
1099 1935 1178 1996 valet
1190 1935 1297 1997 vicaria

199 2019 311 2079 circiter
322 2020 365 2096 vij
379 2019 490 2078 marcis.

262 2193 382 2248 sunm
421 2177 539 2238 Vicaria
550 2179 583 2238 in
597 2178 716 2239 ecclesia
731 2178 768 2239 de
781 2178 868 2255 Burgl
889 2196 945 2255 que
965 2183 1009 2239 est
1028 2179 1185 2240 eorundem
1198 2179 1240 2239 sic
1253 2182 1299 2239 eat

201 2260 341 2320 ordinata
383 2258 517 2321 Vicarius
529 2259 651 2319 habebit
663 2260 845 2337 capellanum
854 2261 964 2319 socium
974 2265 1004 2319 et
1013 2258 1134 2321 habehit
1147 2261 1298 2321 annuatim

201 2341 339 2401 tredecim
374 2341 519 2417 quartaria
552 2341 693 2401 frumenti
726 2340 881 2419 peccabilis
907 2346 938 2399 et
964 2360 1016 2401 sex
1043 2342 1186 2419 quarteria
1219 2342 1299 2402 ordei

201 2421 355 2501 peccabilis
375 2426 405 2481 et
424 2423 497 2481 duas
515 2440 624 2481 marcas
643 2441 695 2499 per
717 2442 829 2483 aunum
849 2427 879 2481 et
898 2421 971 2482 dicti
989 2422 1067 2499 prior
1087 2428 1116 2482 et
1136 2427 1298 2497 conventus

202 2503 354 2563 invenient
382 2502 518 2563 clericum
543 2502 681 2563 idoneum
706 2502 741 2562 in
765 2502 900 2581 expensis
926 2503 1057 2581 propriis.
1112 2502 1153 2563 Et
1178 2502 1299 2563 hebebit

203 2584 327 2645 vicenus
344 2602 450 2661 panem
469 2584 506 2643 de
525 2584 617 2660 altari,
632 2584 795 2643 oblaciones
814 2586 847 2643 iu
867 2584 1024 2660 majoribus
1037 2584 1299 2661 solempnitatibus,

203 2664 396 2725 obvenciones
415 2664 448 2724 in
467 2665 654 2737 confessione,
668 2664 827 2725 secuudum
834 2664 971 2742 legatum,
985 2683 1037 2742 pro
1050 2664 1233 2743 sponsalibus
1243 2664 1297 2741 jd,

203 2765 256 2824 pro
269 2764 386 2823 corpore
399 2748 527 2823 presenti
541 2745 586 2823 ju
627 2746 668 2805 Et
687 2746 745 2823 ipsi
763 2746 844 2823 prior
862 2751 892 2806 et
918 2750 1079 2807 conventus
1104 2745 1300 2824 procurabunt

204 2827 366 2904 hospicium
380 2826 586 2887 Archidiaeoni
598 2832 629 2887 et
640 2827 739 2887 omnia
757 2827 815 2887 alia
833 2844 920 2887 onera
932 2826 1119 2887 sustinebunt
1131 2831 1161 2887 et
1170 2825 1302 2906 provide·

203 2908 281 2968 bunt
292 2908 399 2968 vicario
413 2908 450 2968 de
461 2908 544 2969 tofto.
588 2908 629 2968 Et
645 2908 720 2968 valet
736 2908 840 2968 vicaria
853 2908 964 2969 circiter
976 2908 1009 2967 ix
1022 2909 1115 2969 marc'.

266 3080 511 3139 astructum
539 3082 586 3137 ετ
609 3081 842 3138 cocermou.
892 3067 1010 3130 Vinaria
1042 3071 1073 3131 in
1106 3070 1233 3131 ecelesiis
1266 3071 1303 3132 de

208 3148 403 3226 Alringeham
411 3152 442 3208 et
451 3149 610 3210 Cocrintou
618 3150 648 3211 S.
659 3150 759 3210 Maris.
792 3150 950 3211 Sciendum
961 3156 1005 3211 est
1015 3150 1095 3228 quod
1104 3170 1161 3229 que
1170 3154 1303 3213 matrices

207 3230 324 3290 ecclesie
337 3247 388 3288 sue
401 3233 472 3289 sunt
483 3230 516 3289 in
529 3249 589 3290 uno
602 3235 632 3290 et
646 3230 747 3291 eodem
765 3231 905 3291 cimiterio
925 3232 1002 3291 iufra
1015 3238 1096 3310 septa
1109 3233 1251 3310 prioratus
1265 3234 1303 3294 de

206 3311 402 3389 Alvingeham
412 3315 442 3370 et
452 3330 564 3389 semper
578 3316 789 3372 consueverunt
802 3312 940 3373 deserviri
953 3332 1004 3391 per
1017 3332 1110 3373 uuum
1122 3315 1303 3392 capellanum

209 3396 239 3451 et
252 3410 408 3469 perunum
419 3392 590 3452 canonicum
603 3393 751 3469 prioratus
808 3393 962 3453 Provisum
975 3399 1019 3455 est
1032 3414 1069 3455 ex
1081 3397 1175 3473 gracia
1192 3396 1304 3457 domini

208 3472 336 3551 episcopi
355 3472 435 3549 quod
454 3491 532 3533 unus
550 3474 676 3533 vicarius
695 3473 859 3552 proficiatur
881 3473 991 3535 ibidem
1018 3480 1048 3536 et
1073 3476 1179 3537 habeat
1206 3495 1304 3537 curam

208 3554 369 3614 animarum
392 3553 425 3612 iu
448 3558 570 3631 utraque
593 3554 742 3632 parrochia
764 3559 795 3614 et
817 3555 935 3615 nomine
961 3556 1068 3617 vicarie
1093 3558 1234 3637 percipiat
1252 3576 1305 3617 sex

208 3634 354 3711 quartaria
373 3633 515 3694 humenti
532 3635 689 3712 peccabilis
708 3639 738 3695 et
757 3636 814 3695 tria
833 3636 977 3713 quartaria
996 3637 1077 3698 ordei
1096 3640 1251 3715 peccabilis
1275 3643 1305 3698 et

208 3714 315 3775 habeat
324 3716 666 3793 unammarcamargeuti
672 3735 725 3793 per
732 3736 842 3777 annum
850 3718 886 3777 de
895 3718 981 3777 dictis
990 3720 1085 3797 priore
1094 3724 1124 3780 et
1135 3724 1304 3794 conventus,

210 3795 374 3857 oblsciones
386 3796 419 3855 in
431 3796 590 3874 majoribus
602 3798 867 3875 sollempnitatibus
879 3798 989 3859 scilicet
1003 3800 1051 3861 die
1065 3800 1204 3861 Omnium
1219 3801 1306 3861 Sanc·

209 3881 307 3937 torum
319 3874 365 3953 ij‘l.
375 3876 424 3936 die
436 3877 524 3937 natal'
532 3875 589 3954 vjd.
603 3878 652 3937 die
663 3876 962 3956 presumptuosus
974 3880 1114 3941 festorum
1123 3882 1306 3943 ecclesiarum

209 3954 321 4035 ijd.pro
329 3976 444 4034 corpore
454 3959 580 4035 presenti
587 3956 625 4035 jd.
635 3960 1307 4039 inutraquepsrochiaqnicunquecelebraverit

210 4038 335 4112 missam,
363 4057 416 4115 pro
450 4039 632 4116 sponsalibus
660 4038 699 4117 jd.
728 4042 894 4119 quicunque
920 4042 1107 4104 celebraverit
1129 4044 1162 4105 in
1185 4049 1307 4121 utraque

210 4119 355 4197 parochia,
369 4119 529 4179 secundum
547 4120 676 4198 legatum
688 4140 726 4180 ex
739 4126 861 4199 utraque
873 4124 1015 4201 parochia
1057 4124 1097 4184 Et
1110 4125 1168 4204 ipsi
1180 4125 1258 4202 prior
1277 4128 1307 4184 et

211 4205 373 4260 conventus
385 4200 582 4277 procurabunt
594 4201 757 4279 hospicium
770 4202 978 4264 Archidiaooni
991 4210 1021 4265 et
1035 4210 1128 4265 cetera
1147 4224 1234 4266 onera
1247 4210 1308 4265 tam

212 4281 357 4341 ordinaria
382 4300 470 4358 quam
496 4282 722 4343 extraordinaria
746 4284 780 4343 in
814 4290 986 4363 perpetuum
1018 4287 1213 4348 sustinebunt.
1268 4284 1309 4345 Et

211 4361 331 4439 insuper
342 4362 496 4423 invenient
507 4359 613 4423 vicarii
626 4364 782 4426 dieucum
793 4365 932 4426 idoneum
944 4367 978 4426 in
990 4368 1125 4445 expensis
1143 4367 1267 4445 propriis
1279 4370 1311 4427 et

213 4461 346 4503 mansum
361 4444 472 4503 bonum
486 4448 516 4503 et
529 4452 701 4523 competens
744 4445 784 4505 Et
797 4447 876 4507 valet
895 4448 1045 4526 vicariavj
1060 4449 1153 4508 marc'.
