3192 5367
202 556 216 571 ⁸
261 550 304 615 44
647 562 752 619 mnus
797 563 952 629 mouns

465 728 472 752 ,
735 712 743 727 ·
793 712 802 727 ·
843 711 851 726 ·
988 712 996 727 ·
1204 710 1212 739 s

258 709 683 857 mtffttctittt
696 710 1361 872 mmmmm

259 883 289 938 et
302 876 421 939 cernue
433 875 471 935 ad
484 874 573 935 dare
583 875 820 952 proveniendum
829 891 897 935 cum
904 875 981 936 tofto
989 876 1168 953 competenti
1179 894 1232 953 per
1243 876 1360 935 eosdem

258 958 394 1019 abbatom
406 960 437 1017 et
446 961 623 1017 conventum
636 956 809 1035 assignando
819 956 926 1017 vicario
935 959 966 1017 et
975 960 1047 1017 tunc
1058 955 1171 1017 valebit
1179 958 1244 1034 ipse
1253 956 1361 1017 vicaria

257 1040 388 1117 quinque
400 1036 486 1097 marc’
500 1042 530 1097 et
548 1037 674 1097 vicarius
693 1036 788 1099 solvet
800 1036 1005 1097 tautummodo
1017 1038 1168 1115 modalis
1182 1042 1213 1097 et
1224 1036 1316 1098 abbas
1329 1042 1361 1099 et

257 1124 418 1182 convontus
430 1118 628 1197 procurabunt
641 1118 806 1195 hospicium
823 1118 1019 1179 archidiaconi
1038 1123 1069 1179 et
1089 1118 1147 1179 alia
1159 1136 1247 1181 ouem
1259 1118 1360 1180 omnia

257 1204 318 1262 tam
332 1200 477 1261 ordinaria
489 1218 577 1279 quum
590 1199 819 1261 mamistiensis
837 1200 1033 1261 sustinebunt

316 1374 451 1455 ΥΡῘΗΝ.
479 1356 634 1456 [Upim]
656 1359 840 1457 Vicetiaiu
873 1360 992 1423 ecclesia
1017 1360 1056 1457 de
1088 1362 1287 1456 thunone
1313 1365 1360 1423 eet

257 1441 677 1587 fflfflffsssefflflegcmng
704 1446 838 1503 connstt
863 1443 928 1518 tic,
954 1447 991 1504 ut
1015 1442 1185 1504 anotulatm
1208 1462 1243 1503 an
1268 1442 1360 1504 amhn·

318 1698 539 1755 ouxswsan.
567 1681 741 1767 [naccon]
782 1684 900 1745 Vicetia
924 1684 959 1745 in
986 1683 1106 1745 colaia
1132 1684 1171 1745 de
1197 1682 1360 1759 Guhswald

256 1786 314 1845 quo
334 1770 379 1825 cst
403 1765 578 1826 Monialium
591 1766 630 1826 de
642 1766 760 1827 cotun*
781 1766 915 1827 consistit
933 1766 967 1826 in
985 1770 1048 1827 toto
1074 1765 1211 1845 altaragio
1237 1771 1359 1844 excepto

256 1848 319 1909 lino
340 1852 370 1908 et
388 1847 446 1923 ipsi
465 1846 600 1923 magistet
620 1850 650 1906 et
668 1851 831 1907 conventus
848 1846 1047 1926 providebunt
1066 1848 1174 1909 vicario
1189 1847 1227 1907 de
1240 1848 1315 1909 tofto
1328 1853 1359 1909 et

256 1926 453 2008 procurabunt
479 1927 644 2004 hospicium
677 1928 884 1989 Archidiaconi
910 1933 942 1989 et
968 1928 1066 1989 omnia
1098 1927 1157 1989 alia
1184 1947 1272 1990 onere
1297 1933 1359 1990 tam

257 2008 402 2070 ordinarie
427 2026 516 2085 quem
543 2008 769 2069 sxtncoadinasia
795 2010 984 2071 sustinebunt
1009 2013 1106 2089 pretet
1131 2009 1275 2071 sinodalia
1300 2029 1360 2089 que

256 2088 460 2155 tautummodo
473 2088 568 2151 solvet
581 2090 706 2151 visamus
719 2090 879 2152 munaum

324 2266 433 2321 nuno.
475 2250 593 2313 Vicetia
605 2250 639 2311 in
651 2250 770 2313 enclesis
782 2251 821 2313 do
836 2250 918 2332 Bnrg
929 2270 988 2331 qne
1000 2256 1045 2313 est
1057 2252 1213 2314 earundem
1225 2252 1361 2313 comietit

257 2334 290 2395 in
303 2337 367 2395 toto
379 2332 518 2411 altaragio
532 2337 653 2411 excepta
665 2332 778 2394 decime
802 2352 942 2412 agnorum
965 2338 996 2395 et
1008 2334 1075 2395 lana
1094 2338 1126 2394 et
1143 2335 1202 2412 ipsi
1223 2334 1360 2413 magister

257 2420 288 2476 ot
300 2420 461 2477 conventus
473 2413 670 2493 providebunt
683 2413 792 2477 vicario
805 2416 843 2475 dc
854 2415 931 2476 totto
941 2419 971 2476 et
983 2415 1182 2493 procurabunt
1193 2416 1359 2493 hospicium

257 2496 452 2557 archidiaconi
465 2501 495 2556 ct
508 2496 606 2556 omnia
618 2495 676 2557 alia
696 2514 783 2557 onera
799 2501 862 2556 tam
874 2496 1020 2557 ordinaria
1031 2515 1121 2574 quam
1133 2497 1362 2557 maordinarh

257 2578 446 2639 sustinebunt
458 2582 554 2656 preter
568 2576 721 2655 synodalia
739 2595 797 2656 qus
812 2578 939 2639 vicarius
950 2576 1155 2639 tntummodo
1166 2578 1261 2641 solvet
1272 2583 1303 2639 et
1315 2583 1361 2639 eet

256 2660 363 2721 vicario
376 2660 526 2739 sexaginta
535 2658 701 2720 solidorum.

319 2834 512 2891 οΒοΧΤοΝ.
539 2819 657 2881 Vicetia
675 2819 710 2881 in
729 2820 855 2883 ecelesia·
867 2821 905 2882 de
923 2819 1055 2883 anxton
1067 2821 1152 2899 cujus
1163 2820 1304 2883 medietas
1315 2825 1362 2883 est

257 2902 401 2965 dictarum
413 2900 585 2963 monialium
599 2898 721 2984 [blandi

319 3078 472 3159 [(ΕιΕΒΥ.
500 3060 643 3159 [Recto]
685 3064 803 3159 Vicetia
834 3064 868 3124 in
900 3062 1020 3125 omlesia
1052 3064 1090 3125 de
1125 3063 1244 3142 Keiehy
1276 3063 1367 3141 cujus

256 3146 397 3208 medactus
416 3149 460 3205 est
480 3144 623 3207 dtcmrum
642 3146 814 3207 momahum
833 3142 955 3228 [Haut]
1046 3169 1048 3171 ·

318 3321 472 3376 ΒΥΚΕΗΕ.
500 3303 642 3390 [Biston]
684 3304 802 3369 Vicsrie
826 3307 860 3368 in
886 3308 1006 3369 ecclesia
1032 3306 1071 3367 de
1100 3307 1207 3369 Biksrs
1231 3326 1289 3385 quc
1315 3310 1361 3367 est

256 3390 360 3469 prioris
373 3393 403 3448 ct
416 3394 577 3449 conventus
590 3390 627 3449 ds
647 3388 766 3450 Buttclo
785 3388 920 3450 consistit
938 3390 972 3449 in
984 3392 1048 3449 toto
1061 3389 1198 3467 altammo
1211 3388 1360 3449 roddcndo

257 3471 327 3532 inde
339 3470 493 3529 aunuatim
505 3470 579 3531 duos
592 3470 700 3531 solidos
720 3470 859 3549 predictis
875 3472 965 3550 priori
977 3474 1008 3531 et
1019 3471 1179 3531 conventui
1190 3470 1228 3531 de
1241 3468 1360 3531 Buttele

257 3550 358 3630 stipsi
370 3550 449 3627 prior
462 3555 492 3610 et
502 3556 663 3612 convontus
673 3552 871 3630 providebunt
882 3551 991 3614 vicario
1004 3570 1138 3613 maneum
1147 3555 1360 3629 competentem

255 3637 286 3693 ct
299 3631 496 3711 precinebant
519 3632 683 3710 hospicium
709 3633 917 3693 Archidiaconi
939 3638 970 3694 et
988 3633 1176 3694 sustinebunt
1191 3633 1289 3692 omnia
1301 3631 1360 3691 alia

257 3733 343 3774 onero
369 3717 430 3773 tam
457 3712 602 3774 ordinaria
629 3732 718 3791 quam
745 3714 972 3775 extraordinaria
1001 3718 1097 3793 pretor
1123 3713 1276 3792 synodalia
1300 3732 1359 3789 que

255 3793 459 3855 tantummodo
485 3795 611 3856 vicarius
637 3796 732 3860 solvet
758 3796 919 3857 annuatim
970 3794 1011 3856 Et
1037 3800 1082 3856 est
1108 3795 1215 3857 vicaria
1240 3799 1358 3855 eentum

255 3876 421 3938 solidorum

316 4034 806 4121 statuentium.[1mmioptam]
825 4034 1361 4115 Vicaniainecclesiaderingeham

258 4139 316 4198 que
329 4125 374 4215 est
386 4121 520 4215 priorisse
531 4126 560 4179 et
571 4125 733 4215 conventus
746 4121 783 4181 de
796 4121 947 4216 Appeiton
959 4120 1092 4214 consistit
1100 4120 1134 4180 in
1146 4123 1209 4180 toto
1222 4118 1361 4195 altamgio

257 4206 393 4345 iffi
399 4202 640 4344 *diffidi
659 4201 772 4343 iiii
786 4202 867 4360 tit
876 4200 1363 4364 ffistffliifissifflii

577 4423 1043 4496 *incensatum-enecasse.
