3192 5367
290 570 333 633 42
680 586 784 641 LIBER
806 586 984 651 stelenus

289 736 356 797 dam
375 733 579 795 racionabilem
599 731 638 793 ed
658 752 750 794 unum
770 734 944 812 palefridum
963 738 993 797 et
1005 735 1127 797 hebebit
1140 737 1303 801 oblaciones
1316 742 1355 802 ed
1369 762 1390 803 v

288 817 364 877 iests
376 816 447 877 anni
460 814 570 877 scilicet
583 814 622 876 sd
641 814 748 876 festum
769 816 909 877 Omnium
930 816 1103 879 Sanctorum
1115 818 1157 878 id
1171 819 1209 880 ad
1221 820 1310 881 nctal’
1323 822 1387 900 iijd

286 898 325 958 sd
338 898 474 975 pascham
486 896 538 974 ijd
551 896 589 956 sd
602 894 804 957 Pentecostem
812 897 853 957 iu
864 898 903 959 cd
912 898 1020 959 festum
1029 899 1147 960 ecclesie
1159 900 1199 961 ld
1210 921 1262 979 pro
1272 922 1390 981 corpore

286 979 414 1058 presenti
440 979 481 1038 id.
514 996 568 1056 pro
601 977 784 1055 sponsalibus
817 978 856 1039 id
900 978 1043 1040 Similiter
1076 980 1196 1042 habebit
1228 984 1389 1045 secundum

285 1060 420 1139 legatum.
462 1058 597 1119 Preterea
609 1058 673 1137 ipse
690 1058 818 1119 vicarius
836 1059 958 1121 hebebit
977 1060 1050 1121 dues
1063 1080 1173 1123 marces
1185 1065 1337 1125 annuatim
1349 1066 1389 1126 sd

284 1160 316 1201 se
339 1141 523 1203 nectendum
545 1144 577 1200 et
599 1138 689 1199 ebhes
709 1143 739 1199 et
759 1145 921 1202 conventus
944 1142 1141 1220 providebunt
1163 1162 1256 1205 unum
1279 1147 1389 1207 toitnrn

285 1228 367 1283 extre
379 1224 539 1301 prioratum
553 1224 583 1281 et
594 1220 792 1299 procurabunt
806 1222 969 1301 hospicium
978 1222 1174 1285 archidiaconi
1187 1230 1218 1286 et
1230 1227 1288 1287 slis
1300 1246 1389 1289 onere

284 1308 345 1365 tam
358 1304 503 1365 ordinarie
514 1320 603 1380 quam
615 1302 844 1363 extrnmdinsrin
854 1304 1050 1366 sustinebunt

344 1452 532 1562 οψῃὲεεγ,
559 1488 677 1551 Vicaris
695 1490 728 1549 in
741 1490 861 1551 ecclesio
872 1456 911 1551 de
925 1490 1065 1570 Owresby
1085 1510 1143 1571 qne
1163 1497 1207 1555 est
1225 1494 1331 1573 prioris
1348 1496 1387 1557 de

285 1572 377 1635 Gracc
390 1571 478 1633 Roeis
493 1568 617 1655 [blant]

345 1771 552 1827 ΕιιΕεΗΑΜ.
600 1757 717 1818 Vicetia
736 1758 769 1818 in
788 1758 908 1819 ecclesia
920 1758 957 1819 de
970 1759 1140 1821 Helleshsm
1154 1780 1211 1839 qne
1223 1766 1268 1822 est
1280 1764 1385 1841 prioris

282 1846 313 1901 et
323 1844 484 1901 conventus
493 1838 625 1916 ejusdem
635 1837 691 1898 loci
701 1840 742 1899 sic
753 1844 797 1900 est
807 1839 947 1901 ordinata
991 1842 1126 1902 Vicarius
1134 1842 1256 1903 hebebit
1265 1845 1385 1905 nomine

281 1921 387 1983 vicarie
401 1919 560 1979 corrodium
570 1918 694 1979 deornm
703 1921 907 1981 canonicorum
915 1922 973 1981 sibi
983 1926 1014 1982 et
1023 1922 1132 1984 decano
1141 1942 1195 1983 sno
1203 1924 1243 1984 ed
1255 1944 1385 1986 mensam

282 2004 385 2081 prioris
398 2006 428 2060 et
440 1999 561 2060 hebebit
574 2000 647 2061 dues
659 2018 768 2061 merces
787 2020 900 2063 minues
913 2003 951 2063 ed
963 2004 1104 2064 vestitum
1116 2024 1210 2066 sunm.
1252 2006 1384 2068 Habebit
1411 2028 1416 2033 *

281 2084 372 2144 eciem
385 2080 545 2141 secundum
565 2081 692 2160 legatum
712 2092 742 2141 et
762 2082 926 2144 oblaciones
941 2085 1114 2145 constitutus
1126 2091 1162 2146 ut
1174 2086 1340 2147 continetur
1352 2089 1385 2148 in

282 2162 465 2225 ordinacione
484 2162 590 2222 marie
616 2162 653 2221 de
686 2162 836 2243 Depinges
863 2164 893 2226 Β.
921 2165 1034 2227 Jecobi
1097 2166 1261 2229 Paleiridns
1285 2173 1385 2229 entem

281 2242 908 2324 vicariieritcdiorraginmdictorumprioris
915 2251 945 2306 et
953 2248 1385 2327 conventnsetedprebendsm

281 2326 438 2388 eorundem
448 2325 564 2402 quondo
580 2325 618 2385 sd
631 2326 792 2403 capitulum
805 2331 836 2386 et
849 2326 883 2386 in
895 2328 1052 2389 eorundem
1065 2330 1169 2407 prioris
1178 2334 1209 2389 et
1218 2336 1381 2391 conventus

281 2409 400 2487 negocio
413 2406 610 2485 proficiscitur.
652 2406 760 2484 Etipsi
768 2409 848 2486 prior
857 2411 888 2467 et
896 2416 1058 2470 conventus
1068 2410 1265 2488 providebunt
1275 2412 1384 2473 vicario

281 2490 318 2550 de
331 2489 406 2550 tofto
419 2493 449 2548 et
461 2488 657 2567 procurabunt
677 2487 841 2566 hospicium
860 2490 1067 2551 Archidisconi
1087 2497 1118 2551 et
1138 2492 1196 2552 alia
1214 2512 1302 2553 onera
1320 2498 1383 2553 tem

280 2571 425 2631 ordinaria
437 2588 525 2648 quem
539 2568 767 2629 extraordinsria
779 2570 975 2632 sustinebunt.
1195 2600 1198 2604 ’

343 2772 511 2828 ΚΙΒΚΕΒΥ,
555 2755 671 2817 Vicurie
690 2756 724 2815 in
743 2757 863 2817 ecclesia
883 2756 920 2817 de
939 2757 1075 2837 Kirkeby
1095 2778 1152 2837 que
1171 2765 1215 2819 est
1234 2761 1338 2838 prioris
1353 2767 1384 2823 et

280 2845 441 2903 conventus
454 2839 491 2899 de
504 2837 675 2898 Hellesham
694 2838 828 2899 consistit
846 2840 879 2898 in
896 2842 960 2919 toto
974 2839 1111 2919 eltarngio
1124 2842 1250 2919 exceptis
1263 2843 1383 2904 decimis

279 2923 346 2983 lene
357 2927 387 2983 et
396 2920 550 2982 metiente
561 2938 701 2999 agnorum
709 2919 803 2979 totius
814 2920 950 2998 parochie
959 2939 1015 2998 que
1026 2922 1083 3000 ipsi
1092 2922 1172 2999 prior
1181 2927 1212 2983 et
1221 2930 1382 2985 conventus

279 3004 391 3081 integre
398 3001 786 3080 percipientinperpetuum.
815 3000 1382 3083 Vicariusauteminvenietcapellannm

279 3087 332 3163 qui
345 3082 522 3144 ministrabit
535 3082 568 3141 in
588 3082 705 3141 ecclesis
725 3081 761 3140 de
782 3080 908 3160 Osoltby
927 3083 982 3143 sub
1002 3084 1103 3144 eedem
1115 3088 1311 3147 convencione
1323 3106 1383 3165 qus

279 3166 417 3226 convenit
445 3166 522 3223 inter
548 3163 642 3223 dictos
668 3162 792 3241 priorem
819 3168 850 3223 et
876 3170 1053 3225 conuentum
1079 3170 1110 3225 ct
1131 3166 1322 3244 parochianos
1345 3169 1382 3228 de

279 3247 413 3323 Osuliby,
428 3245 563 3306 videlicet
577 3244 656 3321 quod
668 3242 837 3321 parochiani
845 3244 968 3322 predicti
977 3245 1092 3307 solvent
1101 3247 1225 3325 singulis
1234 3250 1319 3309 annis
1328 3269 1381 3327 pro

279 3326 593 3389 centorishebendein
604 3325 683 3385 dicta
692 3324 803 3402 capelle
813 3325 850 3384 dc
861 3326 988 3405 Oscliby
998 3346 1051 3387 sex
1059 3330 1382 3408 summosp⁸esiliffl⁶nis

279 3414 309 3470 et
318 3428 408 3470 unam
422 3426 565 3467 summam
574 3414 623 3485 p⁸e
633 3425 725 3466 avene
734 3405 812 3465 inira
820 3425 864 3466 xv
873 3408 935 3468 dies
945 3413 1012 3486 post
1021 3409 1130 3469 festum
1140 3409 1170 3470 S.
1183 3410 1337 3471 Michaelis
1350 3417 1382 3473 et

278 3489 432 3551 invenient
452 3488 600 3566 capellano
619 3486 729 3548 ibidem
749 3487 929 3548 ministranti
948 3494 1160 3569 competentem
1178 3492 1307 3567 domurn,
1321 3493 1381 3554 nisi

277 3570 419 3650 hospitari
432 3568 524 3647 possit
536 3568 613 3628 inira
627 3568 761 3645 Oeoliby.
804 3569 901 3629 Iidem
910 3570 1001 3631 eciam
1010 3572 1178 3650 parochiani
1186 3573 1380 3635 uffidsverunt

182 3702 186 3708 .
277 3653 358 3730 quod
383 3652 459 3711 hene
487 3650 711 3709 convencionem
745 3648 870 3710 fideliter
896 3651 930 3710 in
956 3657 1129 3731 perpetuum
1155 3656 1299 3715 tenebunt
1325 3656 1379 3716 teli

278 3732 448 3794 condicione
461 3731 541 3809 quod
555 3731 581 3790 si
593 3730 692 3808 aliquo
706 3736 836 3808 tempore
844 3751 863 3791 a
872 3731 1019 3793 solucione
1029 3734 1102 3795 dicti
1111 3735 1193 3796 bladi
1205 3738 1380 3797 cessaverint

278 3821 386 3875 extunc
396 3813 576 3891 capellanum
585 3812 696 3872 ibidem
704 3813 918 3872 ministrantem
938 3833 998 3873 non
1008 3814 1160 3877 habebunt
1168 3818 1220 3877 sed
1230 3812 1379 3891 matricem

277 3896 427 3956 ecclesiam
447 3894 478 3956 S.
510 3893 628 3953 Andros
655 3894 692 3953 de
718 3886 856 3971 Kirkeby
881 3895 915 3954 in
941 3903 1114 3974 perpetuum
1133 3905 1292 3975 sequantur
1318 3905 1380 3960 tem

276 3978 315 4037 ed
340 3978 494 4037 missam
520 3974 692 4052 sollempnia
725 3994 814 4053 quam
846 3974 885 4034 ed
917 3982 1011 4036 cetera
1040 3978 1109 4055 jura
1140 3980 1259 4039 ecclesie
1290 3986 1379 4058 prout

275 4060 442 4129 continetur
454 4058 487 4118 in
500 4055 676 4135 cyrographo
689 4056 766 4116 inter
785 4056 909 4133 priorem
923 4061 953 4116 et
966 4066 1145 4119 conventum
1158 4060 1195 4119 dc
1208 4061 1379 4121 Helleeham

275 4145 306 4200 et
319 4141 412 4200 dictos
424 4138 613 4217 parochianos
626 4137 663 4196 de
677 4136 802 4214 Oeoliby
814 4138 955 4197 confecto.
990 4140 1125 4201 Vicorius
1138 4139 1259 4201 hebebit
1268 4143 1377 4202 toftum

276 4216 505 4301 quod'iuit[1'⁷o.
525 4214 592 4300 1³¹³]
611 4218 698 4279 Acori
718 4238 754 4278 ex
774 4223 856 4295 parte
875 4219 984 4280 boreali
1000 4222 1119 4282 ecclesie
1140 4221 1177 4281 de
1198 4221 1335 4301 Kirkeby
1348 4230 1379 4285 et

276 4303 370 4363 solvet
382 4300 584 4361 tantummodo
598 4298 749 4377 synodalia
762 4303 792 4358 et
804 4300 868 4377 ipse
879 4300 959 4378 prior
967 4306 999 4362 et
1007 4306 1169 4363 cenventus
1181 4304 1379 4382 procurabunt

276 4382 440 4463 hospicium
450 4381 656 4443 Ambidieconi
669 4387 698 4471 et
711 4386 805 4441 cetere
817 4400 904 4443 onera
916 4382 1110 4444 sustinebunt.
