<?xml version="1.0" encoding="UTF-8"?>
<!DOCTYPE html PUBLIC "-//W3C//DTD XHTML 1.0 Transitional//EN"
    "http://www.w3.org/TR/xhtml1/DTD/xhtml1-transitional.dtd">
<html xmlns="http://www.w3.org/1999/xhtml" xml:lang="en" lang="en">
 <head>
  <title>
</title>
<meta http-equiv="Content-Type" content="text/html;charset=utf-8" />
  <meta name='ocr-system' content='tesseract 3.04.00' />
  <meta name='ocr-capabilities' content='ocr_page ocr_carea ocr_par ocr_line ocrx_word'/>
</head>
<body>
  <div class='ocr_page' id='page_1' title='image "./liberantiquusde00wgoog_0109.png"; bbox 0 0 3192 5367; ppageno 0'>
   <div class='ocr_carea' id='block_1_1' title="bbox 581 562 1296 631">
    <p class='ocr_par' dir='ltr' id='par_1_1' title="bbox 581 562 1296 631">
     <span class='ocr_line' id='line_1_1' title="bbox 581 562 1296 631; baseline -0.01 0"><span class='ocrx_word' id='word_1_1' title='bbox 581 576 740 631; x_wconf 76' lang='lat' dir='ltr'>nueoms</span> <span class='ocrx_word' id='word_1_2' title='bbox 761 576 887 630; x_wconf 72' lang='lat' dir='ltr'>wenis</span> <span class='ocrx_word' id='word_1_3' title='bbox 1255 562 1296 625; x_wconf 85' lang='lat'>95</span> 
     </span>
    </p>
   </div>
   <div class='ocr_carea' id='block_1_2' title="bbox 193 725 1299 1303">
    <p class='ocr_par' dir='ltr' id='par_1_2' title="bbox 254 725 730 802">
     <span class='ocr_line' id='line_1_2' title="bbox 254 725 730 802; baseline 0.015 -7"><span class='ocrx_word' id='word_1_4' title='bbox 254 725 582 795; x_wconf 74' lang='lat' dir='ltr'>onerascroaicarie</span> <span class='ocrx_word' id='word_1_5' title='bbox 595 726 730 802; x_wconf 62' lang='lat' dir='ltr'>aem</span> 
     </span>
    </p>

    <p class='ocr_par' dir='ltr' id='par_1_3' title="bbox 193 818 1299 1303">
     <span class='ocr_line' id='line_1_3' title="bbox 252 818 1297 897; baseline 0 -16"><span class='ocrx_word' id='word_1_6' title='bbox 252 820 343 881; x_wconf 80' lang='lat' dir='ltr'>Salva</span> <span class='ocrx_word' id='word_1_7' title='bbox 353 823 492 897; x_wconf 88' lang='lat' dir='ltr'>perpetua</span> <span class='ocrx_word' id='word_1_8' title='bbox 501 819 717 897; x_wconf 86' lang='lat' dir='ltr'>ricarisinqua</span> <span class='ocrx_word' id='word_1_9' title='bbox 727 838 779 897; x_wconf 91' lang='lat' dir='ltr'>per</span> <span class='ocrx_word' id='word_1_10' title='bbox 787 818 983 897; x_wconf 86' lang='lat' dir='ltr'>provisionem</span> <span class='ocrx_word' id='word_1_11' title='bbox 992 821 1120 878; x_wconf 89' lang='lat' dir='ltr'>nostram</span> <span class='ocrx_word' id='word_1_12' title='bbox 1131 820 1297 881; x_wconf 89' lang='lat' dir='ltr'>continetur</span> 
     </span>
     <span class='ocr_line' id='line_1_4' title="bbox 193 899 1295 978; baseline 0.001 -18"><span class='ocrx_word' id='word_1_13' title='bbox 193 905 289 961; x_wconf 91' lang='lat' dir='ltr'>totum</span> <span class='ocrx_word' id='word_1_14' title='bbox 308 900 479 978; x_wconf 81' lang='lat' dir='ltr'>altaragium</span> <span class='ocrx_word' id='word_1_15' title='bbox 501 900 631 977; x_wconf 85' lang='lat' dir='ltr'>ejusdem</span> <span class='ocrx_word' id='word_1_16' title='bbox 654 900 772 960; x_wconf 89' lang='lat' dir='ltr'>ecclesie</span> <span class='ocrx_word' id='word_1_17' title='bbox 794 904 825 959; x_wconf 93' lang='lat' dir='ltr'>et</span> <span class='ocrx_word' id='word_1_18' title='bbox 843 899 907 959; x_wconf 69' lang='lat' dir='ltr'>,due</span> <span class='ocrx_word' id='word_1_19' title='bbox 930 899 1035 960; x_wconf 85' lang='lat' dir='ltr'>borate</span> <span class='ocrx_word' id='word_1_20' title='bbox 1055 903 1129 959; x_wconf 86' lang='lat' dir='ltr'>terre</span> <span class='ocrx_word' id='word_1_21' title='bbox 1150 905 1179 959; x_wconf 94' lang='lat' dir='ltr'>et</span> <span class='ocrx_word' id='word_1_22' title='bbox 1199 906 1295 961; x_wconf 89' lang='lat' dir='ltr'>totum</span> 
     </span>
     <span class='ocr_line' id='line_1_5' title="bbox 193 980 1297 1060; baseline 0.002 -19"><span class='ocrx_word' id='word_1_23' title='bbox 193 986 310 1060; x_wconf 89' lang='lat' dir='ltr'>pratum</span> <span class='ocrx_word' id='word_1_24' title='bbox 323 981 403 1059; x_wconf 91' lang='lat' dir='ltr'>quod</span> <span class='ocrx_word' id='word_1_25' title='bbox 422 982 549 1059; x_wconf 77' lang='lat' dir='ltr'>pertinet</span> <span class='ocrx_word' id='word_1_26' title='bbox 568 981 606 1041; x_wconf 88' lang='lat' dir='ltr'>ad</span> <span class='ocrx_word' id='word_1_27' title='bbox 626 981 748 1041; x_wconf 88' lang='lat' dir='ltr'>eandem</span> <span class='ocrx_word' id='word_1_28' title='bbox 767 981 916 1040; x_wconf 87' lang='lat' dir='ltr'>ecclesiam</span> <span class='ocrx_word' id='word_1_29' title='bbox 937 984 967 1039; x_wconf 90' lang='lat' dir='ltr'>et</span> <span class='ocrx_word' id='word_1_30' title='bbox 986 980 1097 1039; x_wconf 88' lang='lat' dir='ltr'>decima</span> <span class='ocrx_word' id='word_1_31' title='bbox 1117 981 1209 1041; x_wconf 90' lang='lat' dir='ltr'>totius</span> <span class='ocrx_word' id='word_1_32' title='bbox 1222 986 1297 1043; x_wconf 87' lang='lat' dir='ltr'>terre</span> 
     </span>
     <span class='ocr_line' id='line_1_6' title="bbox 194 1062 1299 1141; baseline 0.001 -19"><span class='ocrx_word' id='word_1_33' title='bbox 194 1082 252 1141; x_wconf 90' lang='lat' dir='ltr'>que</span> <span class='ocrx_word' id='word_1_34' title='bbox 271 1067 391 1122; x_wconf 86' lang='lat' dir='ltr'>vocatur</span> <span class='ocrx_word' id='word_1_35' title='bbox 414 1063 522 1124; x_wconf 87' lang='lat' dir='ltr'>Holm&#39;.</span> <span class='ocrx_word' id='word_1_36' title='bbox 565 1062 616 1122; x_wconf 81' lang='lat' dir='ltr'>Ad</span> <span class='ocrx_word' id='word_1_37' title='bbox 638 1081 726 1139; x_wconf 88' lang='lat' dir='ltr'>quam</span> <span class='ocrx_word' id='word_1_38' title='bbox 749 1062 888 1122; x_wconf 76' lang='lat' dir='ltr'><strong>vicariam</strong></span> <span class='ocrx_word' id='word_1_39' title='bbox 912 1062 989 1121; x_wconf 90' lang='lat' dir='ltr'>dicte</span> <span class='ocrx_word' id='word_1_40' title='bbox 1016 1062 1160 1121; x_wconf 88' lang='lat' dir='ltr'>Moniales</span> <span class='ocrx_word' id='word_1_41' title='bbox 1186 1082 1299 1141; x_wconf 89' lang='lat' dir='ltr'>semper</span> 
     </span>
     <span class='ocr_line' id='line_1_7' title="bbox 195 1142 1298 1221; baseline 0.002 -18"><span class='ocrx_word' id='word_1_42' title='bbox 195 1144 332 1221; x_wconf 77' lang='lat' dir='ltr'>quociens</span> <span class='ocrx_word' id='word_1_43' title='bbox 357 1144 422 1221; x_wconf 86' lang='lat' dir='ltr'>ipsa</span> <span class='ocrx_word' id='word_1_44' title='bbox 446 1144 592 1203; x_wconf 83' lang='lat' dir='ltr'>vacaverit</span> <span class='ocrx_word' id='word_1_45' title='bbox 618 1143 756 1203; x_wconf 88' lang='lat' dir='ltr'>idoneum</span> <span class='ocrx_word' id='word_1_46' title='bbox 790 1142 971 1219; x_wconf 74' lang='lat' dir='ltr'>capellanum</span> <span class='ocrx_word' id='word_1_47' title='bbox 1006 1144 1140 1219; x_wconf 87' lang='lat' dir='ltr'>episcopo</span> <span class='ocrx_word' id='word_1_48' title='bbox 1176 1142 1298 1205; x_wconf 86' lang='lat' dir='ltr'>diocesis</span> 
     </span>
     <span class='ocr_line' id='line_1_8' title="bbox 194 1224 1299 1303; baseline 0.003 -20"><span class='ocrx_word' id='word_1_49' title='bbox 194 1224 404 1303; x_wconf 87' lang='lat' dir='ltr'>presentabunt</span> <span class='ocrx_word' id='word_1_50' title='bbox 413 1243 465 1301; x_wconf 92' lang='lat' dir='ltr'>per</span> <span class='ocrx_word' id='word_1_51' title='bbox 474 1226 642 1302; x_wconf 88' lang='lat' dir='ltr'>episcopum</span> <span class='ocrx_word' id='word_1_52' title='bbox 655 1225 791 1284; x_wconf 88' lang='lat' dir='ltr'>canonice</span> <span class='ocrx_word' id='word_1_53' title='bbox 804 1224 1027 1283; x_wconf 89' lang='lat' dir='ltr'>instituendum.</span> <span class='ocrx_word' id='word_1_54' title='bbox 1068 1224 1128 1299; x_wconf 78' lang='lat' dir='ltr'>Qui</span> <span class='ocrx_word' id='word_1_55' title='bbox 1150 1228 1299 1303; x_wconf 87' lang='lat' dir='ltr'>tamquam</span> 
     </span>
    </p>
   </div>
   <div class='ocr_carea' id='block_1_3' title="bbox 170 1305 1300 2095">
    <p class='ocr_par' dir='ltr' id='par_1_4' title="bbox 170 1305 1300 2095">
     <span class='ocr_line' id='line_1_9' title="bbox 195 1305 1300 1382; baseline 0 -16"><span class='ocrx_word' id='word_1_56' title='bbox 195 1305 319 1366; x_wconf 85' lang='lat' dir='ltr'>vicarius</span> <span class='ocrx_word' id='word_1_57' title='bbox 338 1311 494 1382; x_wconf 83' lang='lat' dir='ltr'>perpetuus</span> <span class='ocrx_word' id='word_1_58' title='bbox 517 1306 549 1364; x_wconf 91' lang='lat' dir='ltr'>in</span> <span class='ocrx_word' id='word_1_59' title='bbox 577 1306 678 1365; x_wconf 89' lang='lat' dir='ltr'>eadem</span> <span class='ocrx_word' id='word_1_60' title='bbox 701 1305 820 1365; x_wconf 89' lang='lat' dir='ltr'>ecclesia</span> <span class='ocrx_word' id='word_1_61' title='bbox 843 1305 1022 1365; x_wconf 75' lang='lat' dir='ltr'>ministrabit</span> <span class='ocrx_word' id='word_1_62' title='bbox 1045 1309 1075 1364; x_wconf 90' lang='grc' dir='ltr'>ιι</span> <span class='ocrx_word' id='word_1_63' title='bbox 1095 1306 1193 1366; x_wconf 89' lang='lat' dir='ltr'>omnia</span> <span class='ocrx_word' id='word_1_64' title='bbox 1213 1326 1300 1366; x_wconf 90' lang='lat' dir='ltr'>onera</span> 
     </span>
     <span class='ocr_line' id='line_1_10' title="bbox 195 1386 1299 1447; baseline 0.002 -2"><span class='ocrx_word' id='word_1_65' title='bbox 195 1387 341 1446; x_wconf 89' lang='lat' dir='ltr'>ordinaria</span> <span class='ocrx_word' id='word_1_66' title='bbox 353 1390 383 1445; x_wconf 92' lang='lat' dir='ltr'>et</span> <span class='ocrx_word' id='word_1_67' title='bbox 396 1390 533 1446; x_wconf 87' lang='lat' dir='ltr'>consueta</span> <span class='ocrx_word' id='word_1_68' title='bbox 545 1386 711 1446; x_wconf 77' lang='lat' dir='ltr'>sustinebit.</span> <span class='ocrx_word' id='word_1_69' title='bbox 753 1386 850 1447; x_wconf 82' lang='lat' dir='ltr'>Salvis</span> <span class='ocrx_word' id='word_1_70' title='bbox 870 1387 960 1445; x_wconf 86' lang='lat' dir='ltr'>eciam</span> <span class='ocrx_word' id='word_1_71' title='bbox 973 1386 1007 1444; x_wconf 91' lang='lat' dir='ltr'>in</span> <span class='ocrx_word' id='word_1_72' title='bbox 1020 1386 1156 1445; x_wconf 87' lang='lat' dir='ltr'>omnibus</span> <span class='ocrx_word' id='word_1_73' title='bbox 1170 1388 1216 1447; x_wconf 79' lang='lat' dir='ltr'>bc.</span> <span class='ocrx_word' id='word_1_74' title='bbox 1260 1388 1299 1447; x_wconf 85' lang='lat' dir='ltr'>Et</span> 
     </span>
     <span class='ocr_line' id='line_1_11' title="bbox 194 1467 1298 1546; baseline 0.001 -20"><span class='ocrx_word' id='word_1_75' title='bbox 194 1473 231 1527; x_wconf 91' lang='lat' dir='ltr'>ut</span> <span class='ocrx_word' id='word_1_76' title='bbox 250 1467 304 1527; x_wconf 94' lang='lat' dir='ltr'>hec</span> <span class='ocrx_word' id='word_1_77' title='bbox 317 1467 497 1527; x_wconf 88' lang='lat' dir='ltr'>confirmacio</span> <span class='ocrx_word' id='word_1_78' title='bbox 511 1472 609 1527; x_wconf 91' lang='lat' dir='ltr'>nostra</span> <span class='ocrx_word' id='word_1_79' title='bbox 621 1471 791 1546; x_wconf 85' lang='lat' dir='ltr'>perpetuam</span> <span class='ocrx_word' id='word_1_80' title='bbox 812 1468 944 1527; x_wconf 89' lang='lat' dir='ltr'>obtineat</span> <span class='ocrx_word' id='word_1_81' title='bbox 956 1467 1123 1526; x_wconf 86' lang='lat' dir='ltr'>firmitatem</span> <span class='ocrx_word' id='word_1_82' title='bbox 1136 1472 1298 1545; x_wconf 75' lang='lat' dir='ltr'>presentem</span> 
     </span>
     <span class='ocr_line' id='line_1_12' title="bbox 196 1547 1300 1625; baseline -0.001 -16"><span class='ocrx_word' id='word_1_83' title='bbox 196 1553 305 1609; x_wconf 85' lang='lat' dir='ltr'>cartam</span> <span class='ocrx_word' id='word_1_84' title='bbox 317 1548 413 1625; x_wconf 82' lang='lat' dir='ltr'>sigillo</span> <span class='ocrx_word' id='word_1_85' title='bbox 426 1552 525 1608; x_wconf 88' lang='lat' dir='ltr'>nostro</span> <span class='ocrx_word' id='word_1_86' title='bbox 540 1569 600 1608; x_wconf 88' lang='lat' dir='ltr'>una</span> <span class='ocrx_word' id='word_1_87' title='bbox 617 1567 684 1608; x_wconf 90' lang='lat' dir='ltr'>cum</span> <span class='ocrx_word' id='word_1_88' title='bbox 704 1548 800 1625; x_wconf 82' lang='lat' dir='ltr'>sigillo</span> <span class='ocrx_word' id='word_1_89' title='bbox 815 1548 902 1625; x_wconf 86' lang='lat' dir='ltr'>Capit</span> <span class='ocrx_word' id='word_1_90' title='bbox 890 1548 946 1607; x_wconf 90' lang='lat' dir='ltr'>tuli</span> <span class='ocrx_word' id='word_1_91' title='bbox 959 1548 1052 1608; x_wconf 87' lang='lat' dir='ltr'>nostri</span> <span class='ocrx_word' id='word_1_92' title='bbox 1064 1547 1146 1607; x_wconf 88' lang='lat' dir='ltr'>Linc&#39;</span> <span class='ocrx_word' id='word_1_93' title='bbox 1161 1548 1300 1609; x_wconf 86' lang='lat' dir='ltr'>duximus</span> 
     </span>
     <span class='ocr_line' id='line_1_13' title="bbox 195 1628 1298 1703; baseline 0.001 -14"><span class='ocrx_word' id='word_1_94' title='bbox 195 1629 396 1689; x_wconf 89' lang='lat' dir='ltr'>muniendum.</span> <span class='ocrx_word' id='word_1_95' title='bbox 421 1628 909 1701; x_wconf 79' lang='lat' dir='ltr'>HiisTestibusRDecanoiinc&#39;,</span> <span class='ocrx_word' id='word_1_96' title='bbox 920 1628 955 1689; x_wconf 89' lang='lat' dir='ltr'>R.</span> <span class='ocrx_word' id='word_1_97' title='bbox 969 1629 1065 1702; x_wconf 84' lang='lat' dir='ltr'>Oanc’,</span> <span class='ocrx_word' id='word_1_98' title='bbox 1077 1628 1113 1689; x_wconf 88' lang='lat' dir='ltr'>R.</span> <span class='ocrx_word' id='word_1_99' title='bbox 1124 1628 1298 1703; x_wconf 89' lang='lat' dir='ltr'>subdecano,</span> 
     </span>
     <span class='ocr_line' id='line_1_14' title="bbox 196 1673 1297 1786; baseline 0 -16"><span class='ocrx_word' id='word_1_100' title='bbox 196 1710 232 1771; x_wconf 74' lang='lat'>1³.</span> <span class='ocrx_word' id='word_1_101' title='bbox 244 1710 336 1770; x_wconf 87' lang='lat' dir='ltr'>Leirc’</span> <span class='ocrx_word' id='word_1_102' title='bbox 344 1710 410 1770; x_wconf 68' lang='grc' dir='ltr'><strong>ιιι.</strong></span> <span class='ocrx_word' id='word_1_103' title='bbox 421 1710 746 1784; x_wconf 72' lang='lat' dir='ltr'>Stowearcbidiaconia</span> <span class='ocrx_word' id='word_1_104' title='bbox 756 1709 791 1770; x_wconf 76' lang='lat' dir='ltr'>Gr.</span> <span class='ocrx_word' id='word_1_105' title='bbox 803 1673 998 1786; x_wconf 75' lang='lat' dir='ltr'>Scarddburg’,</span> <span class='ocrx_word' id='word_1_106' title='bbox 1008 1710 1046 1769; x_wconf 92' lang='lat' dir='ltr'>H.</span> <span class='ocrx_word' id='word_1_107' title='bbox 1057 1673 1134 1771; x_wconf 81' lang='lat' dir='ltr'>deS.</span> <span class='ocrx_word' id='word_1_108' title='bbox 1144 1710 1297 1785; x_wconf 72' lang='lat' dir='ltr'>Eduardo,</span> 
     </span>
     <span class='ocr_line' id='line_1_15' title="bbox 196 1790 1300 1868; baseline 0 -17"><span class='ocrx_word' id='word_1_109' title='bbox 196 1791 233 1851; x_wconf 76' lang='lat' dir='ltr'>Ia</span> <span class='ocrx_word' id='word_1_110' title='bbox 248 1791 284 1850; x_wconf 90' lang='lat' dir='ltr'>de</span> <span class='ocrx_word' id='word_1_111' title='bbox 298 1791 415 1865; x_wconf 90' lang='lat' dir='ltr'>Holmo,</span> <span class='ocrx_word' id='word_1_112' title='bbox 438 1792 473 1851; x_wconf 78' lang='lat' dir='ltr'>R.</span> <span class='ocrx_word' id='word_1_113' title='bbox 498 1791 550 1851; x_wconf 84' lang='lat' dir='ltr'>de</span> <span class='ocrx_word' id='word_1_114' title='bbox 556 1791 681 1865; x_wconf 83' lang='lat' dir='ltr'>Grausl&#39;,</span> <span class='ocrx_word' id='word_1_115' title='bbox 704 1792 741 1852; x_wconf 93' lang='lat' dir='ltr'>P.</span> <span class='ocrx_word' id='word_1_116' title='bbox 763 1791 800 1851; x_wconf 90' lang='lat' dir='ltr'>de</span> <span class='ocrx_word' id='word_1_117' title='bbox 825 1790 965 1868; x_wconf 66' lang='lat' dir='ltr'>Hungad,</span> <span class='ocrx_word' id='word_1_118' title='bbox 986 1792 1019 1851; x_wconf 96' lang='lat' dir='ltr'>P.</span> <span class='ocrx_word' id='word_1_119' title='bbox 1043 1791 1079 1851; x_wconf 90' lang='lat' dir='ltr'>de</span> <span class='ocrx_word' id='word_1_120' title='bbox 1101 1791 1197 1865; x_wconf 83' lang='lat' dir='ltr'>Bat’b,</span> <span class='ocrx_word' id='word_1_121' title='bbox 1211 1791 1245 1851; x_wconf 93' lang='lat' dir='ltr'>P.</span> <span class='ocrx_word' id='word_1_122' title='bbox 1264 1792 1300 1851; x_wconf 92' lang='lat' dir='ltr'>de</span> 
     </span>
     <span class='ocr_line' id='line_1_16' title="bbox 196 1872 1300 1949; baseline 0.001 -17"><span class='ocrx_word' id='word_1_123' title='bbox 196 1872 390 1945; x_wconf 86' lang='lat' dir='ltr'>Kersrmunt,</span> <span class='ocrx_word' id='word_1_124' title='bbox 404 1873 549 1932; x_wconf 87' lang='lat' dir='ltr'>canonicis</span> <span class='ocrx_word' id='word_1_125' title='bbox 558 1872 650 1945; x_wconf 80' lang='lat' dir='ltr'>Linc&#39;,</span> <span class='ocrx_word' id='word_1_126' title='bbox 664 1872 891 1932; x_wconf 85' lang='lat' dir='ltr'>etmultisaliis.</span> <span class='ocrx_word' id='word_1_127' title='bbox 931 1872 1000 1932; x_wconf 89' lang='lat' dir='ltr'>Dat’</span> <span class='ocrx_word' id='word_1_128' title='bbox 979 1877 1178 1949; x_wconf 87' lang='lat' dir='ltr'>tpermanus</span> <span class='ocrx_word' id='word_1_129' title='bbox 1198 1872 1247 1931; x_wconf 90' lang='lat' dir='ltr'>W.</span> <span class='ocrx_word' id='word_1_130' title='bbox 1263 1873 1300 1933; x_wconf 93' lang='lat' dir='ltr'>de</span> 
     </span>
     <span class='ocr_line' id='line_1_17' title="bbox 170 1952 1300 2031; baseline 0.004 -20"><span class='ocrx_word' id='word_1_131' title='bbox 170 1999 177 2011; x_wconf 84' lang='lat'><strong>.</strong></span> <span class='ocrx_word' id='word_1_132' title='bbox 196 1953 336 2013; x_wconf 84' lang='lat' dir='ltr'>Thornac&#39;</span> <span class='ocrx_word' id='word_1_133' title='bbox 349 1953 544 2013; x_wconf 76' lang='lat' dir='ltr'>archidiaconi</span> <span class='ocrx_word' id='word_1_134' title='bbox 563 1954 646 2014; x_wconf 85' lang='lat' dir='ltr'>Linc&#39;</span> <span class='ocrx_word' id='word_1_135' title='bbox 658 1954 738 2031; x_wconf 91' lang='lat' dir='ltr'>apud</span> <span class='ocrx_word' id='word_1_136' title='bbox 751 1953 834 2013; x_wconf 85' lang='lat' dir='ltr'>Lino&#39;</span> <span class='ocrx_word' id='word_1_137' title='bbox 848 1954 916 2029; x_wconf 76' lang='grc' dir='ltr'>ιιῇ0</span> <span class='ocrx_word' id='word_1_138' title='bbox 934 1952 992 2013; x_wconf 85' lang='grc' dir='ltr'><strong>Ιιιι.</strong></span> <span class='ocrx_word' id='word_1_139' title='bbox 1007 1952 1092 2030; x_wconf 82' lang='lat' dir='ltr'>Junij</span> <span class='ocrx_word' id='word_1_140' title='bbox 1114 1952 1300 2031; x_wconf 86' lang='lat' dir='ltr'>pontificatus</span> 
     </span>
     <span class='ocr_line' id='line_1_18' title="bbox 197 2034 514 2095; baseline 0 0"><span class='ocrx_word' id='word_1_141' title='bbox 197 2035 291 2095; x_wconf 89' lang='lat' dir='ltr'>nostri</span> <span class='ocrx_word' id='word_1_142' title='bbox 303 2054 380 2094; x_wconf 90' lang='lat' dir='ltr'>auno</span> <span class='ocrx_word' id='word_1_143' title='bbox 394 2034 514 2095; x_wconf 89' lang='lat' dir='ltr'>decimo.</span> 
     </span>
    </p>
   </div>
   <div class='ocr_carea' id='block_1_4' title="bbox 258 2193 1302 2335">
    <p class='ocr_par' dir='ltr' id='par_1_5' title="bbox 258 2193 1302 2335">
     <span class='ocr_line' id='line_1_19' title="bbox 258 2193 1302 2335; baseline 0 -16"><span class='ocrx_word' id='word_1_144' title='bbox 258 2193 461 2319; x_wconf 55' lang='lat' dir='ltr'>(llddibbblblc.</span> <span class='ocrx_word' id='word_1_145' title='bbox 504 2258 629 2318; x_wconf 84' lang='lat' dir='ltr'>Noverit</span> <span class='ocrx_word' id='word_1_146' title='bbox 638 2258 813 2319; x_wconf 81' lang='lat' dir='ltr'>universitas</span> <span class='ocrx_word' id='word_1_147' title='bbox 823 2262 919 2318; x_wconf 85' lang='lat' dir='ltr'>restra</span> <span class='ocrx_word' id='word_1_148' title='bbox 930 2276 984 2317; x_wconf 91' lang='lat' dir='ltr'>nos</span> <span class='ocrx_word' id='word_1_149' title='bbox 995 2258 1033 2317; x_wconf 84' lang='lat' dir='ltr'>de</span> <span class='ocrx_word' id='word_1_150' title='bbox 1043 2275 1185 2318; x_wconf 89' lang='lat' dir='ltr'>consensu</span> <span class='ocrx_word' id='word_1_151' title='bbox 1195 2258 1302 2335; x_wconf 81' lang='lat' dir='ltr'>Rogeri</span> 
     </span>
    </p>
   </div>
   <div class='ocr_carea' id='block_1_5' title="bbox 159 2339 1305 3793">
    <p class='ocr_par' dir='ltr' id='par_1_6' title="bbox 159 2339 1305 3793">
     <span class='ocr_line' id='line_1_20' title="bbox 197 2339 1302 2417; baseline 0 -17"><span class='ocrx_word' id='word_1_152' title='bbox 197 2341 311 2401; x_wconf 88' lang='lat' dir='ltr'>Decani</span> <span class='ocrx_word' id='word_1_153' title='bbox 337 2345 367 2400; x_wconf 96' lang='grc' dir='ltr'>ιι</span> <span class='ocrx_word' id='word_1_154' title='bbox 393 2340 523 2417; x_wconf 84' lang='lat' dir='ltr'>Capituli</span> <span class='ocrx_word' id='word_1_155' title='bbox 549 2341 642 2406; x_wconf 89' lang='lat' dir='ltr'>nostri</span> <span class='ocrx_word' id='word_1_156' title='bbox 668 2339 750 2399; x_wconf 87' lang='lat' dir='ltr'>Liuc’</span> <span class='ocrx_word' id='word_1_157' title='bbox 778 2339 880 2399; x_wconf 83' lang='lat' dir='ltr'>divine</span> <span class='ocrx_word' id='word_1_158' title='bbox 905 2340 1022 2416; x_wconf 84' lang='lat' dir='ltr'>pietatis</span> <span class='ocrx_word' id='word_1_159' title='bbox 1048 2340 1160 2400; x_wconf 89' lang='lat' dir='ltr'>intuitu</span> <span class='ocrx_word' id='word_1_160' title='bbox 1189 2339 1302 2400; x_wconf 87' lang='lat' dir='ltr'>dedisse</span> 
     </span>
     <span class='ocr_line' id='line_1_21' title="bbox 199 2420 1302 2498; baseline -0.001 -16"><span class='ocrx_word' id='word_1_161' title='bbox 199 2423 371 2482; x_wconf 87' lang='lat' dir='ltr'>concessisse</span> <span class='ocrx_word' id='word_1_162' title='bbox 390 2426 421 2480; x_wconf 91' lang='lat' dir='ltr'>et</span> <span class='ocrx_word' id='word_1_163' title='bbox 440 2421 568 2498; x_wconf 88' lang='lat' dir='ltr'>presenti</span> <span class='ocrx_word' id='word_1_164' title='bbox 595 2426 674 2480; x_wconf 88' lang='lat' dir='ltr'>carta</span> <span class='ocrx_word' id='word_1_165' title='bbox 698 2422 881 2480; x_wconf 89' lang='lat' dir='ltr'>confirmasse</span> <span class='ocrx_word' id='word_1_166' title='bbox 904 2420 1018 2479; x_wconf 85' lang='lat' dir='ltr'>dilectis</span> <span class='ocrx_word' id='word_1_167' title='bbox 1041 2421 1074 2479; x_wconf 90' lang='grc' dir='ltr'>ιιι</span> <span class='ocrx_word' id='word_1_168' title='bbox 1095 2420 1212 2481; x_wconf 84' lang='lat' dir='ltr'>Christo</span> <span class='ocrx_word' id='word_1_169' title='bbox 1233 2421 1302 2481; x_wconf 87' lang='lat' dir='ltr'>filiis</span> 
     </span>
     <span class='ocr_line' id='line_1_22' title="bbox 199 2501 1302 2563; baseline 0 -1"><span class='ocrx_word' id='word_1_170' title='bbox 199 2503 311 2562; x_wconf 87' lang='lat' dir='ltr'>Abbati</span> <span class='ocrx_word' id='word_1_171' title='bbox 325 2507 355 2562; x_wconf 91' lang='lat' dir='ltr'>et</span> <span class='ocrx_word' id='word_1_172' title='bbox 368 2502 536 2563; x_wconf 82' lang='lat' dir='ltr'>Conventui</span> <span class='ocrx_word' id='word_1_173' title='bbox 550 2502 579 2562; x_wconf 80' lang='lat' dir='ltr'>S.</span> <span class='ocrx_word' id='word_1_174' title='bbox 595 2502 710 2561; x_wconf 82' lang='lat' dir='ltr'>Ebmlfi</span> <span class='ocrx_word' id='word_1_175' title='bbox 723 2502 872 2561; x_wconf 90' lang='lat' dir='ltr'>ecclesiam</span> <span class='ocrx_word' id='word_1_176' title='bbox 891 2501 928 2560; x_wconf 92' lang='lat' dir='ltr'>de</span> <span class='ocrx_word' id='word_1_177' title='bbox 941 2501 1033 2560; x_wconf 91' lang='lat' dir='ltr'>Merst</span> <span class='ocrx_word' id='word_1_178' title='bbox 1021 2506 1073 2560; x_wconf 91' lang='lat' dir='ltr'>ton</span> <span class='ocrx_word' id='word_1_179' title='bbox 1086 2520 1153 2560; x_wconf 92' lang='lat' dir='ltr'>cum</span> <span class='ocrx_word' id='word_1_180' title='bbox 1167 2503 1302 2562; x_wconf 86' lang='lat' dir='ltr'>omnibus</span> 
     </span>
     <span class='ocr_line' id='line_1_23' title="bbox 199 2581 1302 2661; baseline 0 -18"><span class='ocrx_word' id='word_1_181' title='bbox 199 2584 385 2661; x_wconf 78' lang='lat' dir='ltr'>pertinenciis</span> <span class='ocrx_word' id='word_1_182' title='bbox 398 2584 460 2643; x_wconf 84' lang='lat' dir='ltr'>suis</span> <span class='ocrx_word' id='word_1_183' title='bbox 472 2585 649 2661; x_wconf 84' lang='lat' dir='ltr'>inpropriae</span> <span class='ocrx_word' id='word_1_184' title='bbox 665 2602 735 2642; x_wconf 88' lang='lat' dir='ltr'>usus</span> <span class='ocrx_word' id='word_1_185' title='bbox 753 2581 968 2642; x_wconf 87' lang='lat' dir='ltr'>habendamtet</span> <span class='ocrx_word' id='word_1_186' title='bbox 988 2582 1201 2660; x_wconf 88' lang='lat' dir='ltr'>imperpetuum</span> <span class='ocrx_word' id='word_1_187' title='bbox 1214 2584 1302 2660; x_wconf 86' lang='lat' dir='ltr'>possi·</span> 
     </span>
     <span class='ocr_line' id='line_1_24' title="bbox 200 2663 1302 2758; baseline -0.001 -34"><span class='ocrx_word' id='word_1_188' title='bbox 200 2665 334 2725; x_wconf 81' lang='lat' dir='ltr'>dandam.</span> <span class='ocrx_word' id='word_1_189' title='bbox 376 2664 464 2724; x_wconf 79' lang='lat' dir='ltr'>Salva</span> <span class='ocrx_word' id='word_1_190' title='bbox 483 2665 591 2724; x_wconf 87' lang='lat' dir='ltr'>vicaria</span> <span class='ocrx_word' id='word_1_191' title='bbox 609 2665 642 2723; x_wconf 92' lang='lat' dir='ltr'>in</span> <span class='ocrx_word' id='word_1_192' title='bbox 667 2664 769 2723; x_wconf 88' lang='lat' dir='ltr'>eade&#39;m</span> <span class='ocrx_word' id='word_1_193' title='bbox 791 2663 910 2723; x_wconf 86' lang='lat' dir='ltr'>ecclesia</span> <span class='ocrx_word' id='word_1_194' title='bbox 932 2682 984 2740; x_wconf 89' lang='lat' dir='ltr'>per</span> <span class='ocrx_word' id='word_1_195' title='bbox 1007 2682 1061 2722; x_wconf 87' lang='lat' dir='ltr'>nos</span> <span class='ocrx_word' id='word_1_196' title='bbox 1081 2664 1302 2758; x_wconf 77' lang='lat' dir='ltr'>assignataque</span> 
     </span>
     <span class='ocr_line' id='line_1_25' title="bbox 200 2744 1303 2823; baseline -0.001 -18"><span class='ocrx_word' id='word_1_197' title='bbox 200 2746 295 2805; x_wconf 88' lang='lat' dir='ltr'>censis</span> <span class='ocrx_word' id='word_1_198' title='bbox 296 2746 371 2804; x_wconf 91' lang='grc' dir='ltr'>ιιι</span> <span class='ocrx_word' id='word_1_199' title='bbox 362 2765 394 2804; x_wconf 88' lang='lat' dir='ltr'>m</span> <span class='ocrx_word' id='word_1_200' title='bbox 420 2746 558 2822; x_wconf 85' lang='lat' dir='ltr'>altaragio</span> <span class='ocrx_word' id='word_1_201' title='bbox 585 2745 717 2821; x_wconf 87' lang='lat' dir='ltr'>ejusdem</span> <span class='ocrx_word' id='word_1_202' title='bbox 744 2744 919 2805; x_wconf 89' lang='lat' dir='ltr'>ecclesiet</span> <span class='ocrx_word' id='word_1_203' title='bbox 889 2749 919 2803; x_wconf 89' lang='grc' dir='ltr'>ιι</span> <span class='ocrx_word' id='word_1_204' title='bbox 946 2744 1120 2821; x_wconf 81' lang='lat' dir='ltr'>capellarum</span> <span class='ocrx_word' id='word_1_205' title='bbox 1148 2745 1219 2803; x_wconf 87' lang='lat' dir='ltr'>ad</span> <span class='ocrx_word' id='word_1_206' title='bbox 1208 2764 1303 2823; x_wconf 88' lang='lat' dir='ltr'>rpsam</span> 
     </span>
     <span class='ocr_line' id='line_1_26' title="bbox 200 2825 1303 2933; baseline -0.001 -47"><span class='ocrx_word' id='word_1_207' title='bbox 200 2827 464 2903; x_wconf 88' lang='lat' dir='ltr'>pertinenciumet</span> <span class='ocrx_word' id='word_1_208' title='bbox 451 2826 612 2885; x_wconf 90' lang='lat' dir='ltr'>tminutis</span> <span class='ocrx_word' id='word_1_209' title='bbox 636 2825 825 2885; x_wconf 87' lang='lat' dir='ltr'>decimist</span> <span class='ocrx_word' id='word_1_210' title='bbox 781 2825 834 2885; x_wconf 90' lang='lat' dir='ltr'>tot</span> <span class='ocrx_word' id='word_1_211' title='bbox 825 2845 871 2884; x_wconf 88' lang='lat' dir='ltr'>ms</span> <span class='ocrx_word' id='word_1_212' title='bbox 894 2825 1028 2902; x_wconf 87' lang='lat' dir='ltr'>parochie</span> <span class='ocrx_word' id='word_1_213' title='bbox 1056 2830 1140 2884; x_wconf 89' lang='lat' dir='ltr'>etto</span> <span class='ocrx_word' id='word_1_214' title='bbox 1109 2826 1303 2933; x_wconf 55' lang='grc' dir='ltr'><strong>ιιιιιιιιιιιιι,</strong></span> 
     </span>
     <span class='ocr_line' id='line_1_27' title="bbox 199 2905 1303 2985; baseline -0.001 -18"><span class='ocrx_word' id='word_1_215' title='bbox 199 2908 351 2985; x_wconf 79' lang='lat' dir='ltr'>garbarum</span> <span class='ocrx_word' id='word_1_216' title='bbox 371 2908 407 2967; x_wconf 92' lang='lat' dir='ltr'>de</span> <span class='ocrx_word' id='word_1_217' title='bbox 429 2906 678 2966; x_wconf 83' lang='lat' dir='ltr'>Wauerkewortb’</span> <span class='ocrx_word' id='word_1_218' title='bbox 697 2907 737 2966; x_wconf 89' lang='lat' dir='ltr'>ad</span> <span class='ocrx_word' id='word_1_219' title='bbox 755 2907 896 2983; x_wconf 84' lang='lat' dir='ltr'>prefatam</span> <span class='ocrx_word' id='word_1_220' title='bbox 921 2907 1069 2965; x_wconf 86' lang='lat' dir='ltr'>ecclesiam</span> <span class='ocrx_word' id='word_1_221' title='bbox 1097 2905 1134 2965; x_wconf 88' lang='lat' dir='ltr'>de</span> <span class='ocrx_word' id='word_1_222' title='bbox 1162 2906 1255 2965; x_wconf 89' lang='lat' dir='ltr'>Merst</span> <span class='ocrx_word' id='word_1_223' title='bbox 1242 2905 1303 2967; x_wconf 86' lang='lat' dir='ltr'>ton’</span> 
     </span>
     <span class='ocr_line' id='line_1_28' title="bbox 200 2987 1304 3067; baseline 0 -20"><span class='ocrx_word' id='word_1_224' title='bbox 200 2990 364 3067; x_wconf 86' lang='lat' dir='ltr'>pertinente</span> <span class='ocrx_word' id='word_1_225' title='bbox 384 2993 414 3047; x_wconf 92' lang='lat' dir='ltr'>et</span> <span class='ocrx_word' id='word_1_226' title='bbox 433 3007 493 3047; x_wconf 88' lang='lat' dir='ltr'>una</span> <span class='ocrx_word' id='word_1_227' title='bbox 511 2989 623 3065; x_wconf 83' lang='lat' dir='ltr'>virgata</span> <span class='ocrx_word' id='word_1_228' title='bbox 642 2992 717 3047; x_wconf 89' lang='lat' dir='ltr'>terre</span> <span class='ocrx_word' id='word_1_229' title='bbox 736 3007 803 3046; x_wconf 92' lang='lat' dir='ltr'>cum</span> <span class='ocrx_word' id='word_1_230' title='bbox 823 3006 924 3047; x_wconf 90' lang='lat' dir='ltr'>manso</span> <span class='ocrx_word' id='word_1_231' title='bbox 944 3005 1000 3063; x_wconf 87' lang='lat' dir='ltr'>que</span> <span class='ocrx_word' id='word_1_232' title='bbox 1014 2987 1087 3047; x_wconf 86' lang='lat' dir='ltr'>Rob.</span> <span class='ocrx_word' id='word_1_233' title='bbox 1104 2987 1140 3046; x_wconf 93' lang='lat' dir='ltr'>de</span> <span class='ocrx_word' id='word_1_234' title='bbox 1154 2988 1255 3047; x_wconf 88' lang='lat' dir='ltr'>Alcint</span> <span class='ocrx_word' id='word_1_235' title='bbox 1242 2987 1304 3047; x_wconf 84' lang='lat' dir='ltr'>ton&#39;</span> 
     </span>
     <span class='ocr_line' id='line_1_29' title="bbox 159 3068 1304 3148; baseline -0.001 -19"><span class='ocrx_word' id='word_1_236' title='bbox 159 3141 162 3148; x_wconf 30' lang='grc' dir='ltr'><strong><em>Ι</em></strong></span> <span class='ocrx_word' id='word_1_237' title='bbox 200 3070 297 3129; x_wconf 89' lang='lat' dir='ltr'>tenuit</span> <span class='ocrx_word' id='word_1_238' title='bbox 306 3074 337 3128; x_wconf 92' lang='grc' dir='ltr'>ιι</span> <span class='ocrx_word' id='word_1_239' title='bbox 349 3070 382 3128; x_wconf 90' lang='lat' dir='ltr'>in</span> <span class='ocrx_word' id='word_1_240' title='bbox 392 3069 512 3128; x_wconf 79' lang='lat' dir='ltr'>decimis</span> <span class='ocrx_word' id='word_1_241' title='bbox 522 3070 674 3145; x_wconf 82' lang='lat' dir='ltr'>garbarum</span> <span class='ocrx_word' id='word_1_242' title='bbox 684 3068 721 3128; x_wconf 92' lang='lat' dir='ltr'>de</span> <span class='ocrx_word' id='word_1_243' title='bbox 731 3068 906 3128; x_wconf 86' lang='lat' dir='ltr'>Middelton&#39;</span> <span class='ocrx_word' id='word_1_244' title='bbox 918 3068 956 3127; x_wconf 90' lang='lat' dir='ltr'>ad</span> <span class='ocrx_word' id='word_1_245' title='bbox 966 3068 1114 3127; x_wconf 87' lang='lat' dir='ltr'>ecclesiam</span> <span class='ocrx_word' id='word_1_246' title='bbox 1124 3068 1161 3127; x_wconf 92' lang='lat' dir='ltr'>de</span> <span class='ocrx_word' id='word_1_247' title='bbox 1171 3069 1304 3128; x_wconf 88' lang='lat' dir='ltr'>Merston</span> 
     </span>
     <span class='ocr_line' id='line_1_30' title="bbox 200 3149 1304 3228; baseline 0.001 -19"><span class='ocrx_word' id='word_1_248' title='bbox 200 3149 415 3228; x_wconf 84' lang='lat' dir='ltr'>pertinentibus</span> <span class='ocrx_word' id='word_1_249' title='bbox 428 3169 485 3227; x_wconf 91' lang='lat' dir='ltr'>que</span> <span class='ocrx_word' id='word_1_250' title='bbox 505 3150 603 3209; x_wconf 91' lang='lat' dir='ltr'>omnia</span> <span class='ocrx_word' id='word_1_251' title='bbox 623 3150 722 3227; x_wconf 85' lang='lat' dir='ltr'>siqui</span> <span class='ocrx_word' id='word_1_252' title='bbox 745 3169 797 3227; x_wconf 91' lang='lat' dir='ltr'>pro</span> <span class='ocrx_word' id='word_1_253' title='bbox 821 3154 951 3226; x_wconf 84' lang='lat' dir='ltr'>tempore</span> <span class='ocrx_word' id='word_1_254' title='bbox 974 3149 1099 3209; x_wconf 84' lang='lat' dir='ltr'>vicarius</span> <span class='ocrx_word' id='word_1_255' title='bbox 1120 3151 1175 3209; x_wconf 88' lang='lat' dir='ltr'>erit</span> <span class='ocrx_word' id='word_1_256' title='bbox 1194 3150 1227 3208; x_wconf 92' lang='lat' dir='ltr'>in</span> <span class='ocrx_word' id='word_1_257' title='bbox 1240 3150 1304 3227; x_wconf 88' lang='lat' dir='ltr'>ipsa</span> 
     </span>
     <span class='ocr_line' id='line_1_31' title="bbox 201 3230 1303 3307; baseline 0 -16"><span class='ocrx_word' id='word_1_258' title='bbox 201 3231 320 3291; x_wconf 87' lang='lat' dir='ltr'>ecclesia</span> <span class='ocrx_word' id='word_1_259' title='bbox 333 3231 371 3290; x_wconf 91' lang='lat' dir='ltr'>de</span> <span class='ocrx_word' id='word_1_260' title='bbox 384 3231 523 3290; x_wconf 89' lang='lat' dir='ltr'>Merston&#39;</span> <span class='ocrx_word' id='word_1_261' title='bbox 537 3231 729 3290; x_wconf 88' lang='lat' dir='ltr'>remanebunt</span> <span class='ocrx_word' id='word_1_262' title='bbox 747 3230 866 3289; x_wconf 92' lang='lat' dir='ltr'>nomine</span> <span class='ocrx_word' id='word_1_263' title='bbox 886 3236 1024 3307; x_wconf 87' lang='lat' dir='ltr'>perpetue</span> <span class='ocrx_word' id='word_1_264' title='bbox 1037 3230 1143 3289; x_wconf 85' lang='lat' dir='ltr'>vicarie</span> <span class='ocrx_word' id='word_1_265' title='bbox 1156 3230 1303 3291; x_wconf 90' lang='lat' dir='ltr'>reddendo</span> 
     </span>
     <span class='ocr_line' id='line_1_32' title="bbox 201 3311 1305 3387; baseline -0.001 -15"><span class='ocrx_word' id='word_1_266' title='bbox 201 3313 272 3372; x_wconf 89' lang='lat' dir='ltr'>inde</span> <span class='ocrx_word' id='word_1_267' title='bbox 285 3312 437 3371; x_wconf 87' lang='lat' dir='ltr'>annuatim</span> <span class='ocrx_word' id='word_1_268' title='bbox 457 3311 544 3371; x_wconf 88' lang='lat' dir='ltr'>dictis</span> <span class='ocrx_word' id='word_1_269' title='bbox 563 3312 714 3371; x_wconf 87' lang='lat' dir='ltr'>monachis</span> <span class='ocrx_word' id='word_1_270' title='bbox 734 3312 771 3370; x_wconf 88' lang='lat' dir='ltr'>de</span> <span class='ocrx_word' id='word_1_271' title='bbox 786 3312 815 3372; x_wconf 79' lang='lat' dir='ltr'>S.</span> <span class='ocrx_word' id='word_1_272' title='bbox 832 3311 956 3370; x_wconf 82' lang='lat' dir='ltr'>Ebrulfo</span> <span class='ocrx_word' id='word_1_273' title='bbox 975 3311 1083 3387; x_wconf 79' lang='lat' dir='ltr'>viginti</span> <span class='ocrx_word' id='word_1_274' title='bbox 1103 3312 1210 3370; x_wconf 89' lang='lat' dir='ltr'>solidos</span> <span class='ocrx_word' id='word_1_275' title='bbox 1224 3316 1254 3371; x_wconf 90' lang='grc' dir='ltr'>ιι</span> <span class='ocrx_word' id='word_1_276' title='bbox 1267 3311 1305 3371; x_wconf 89' lang='lat' dir='ltr'>de</span> 
     </span>
     <span class='ocr_line' id='line_1_33' title="bbox 202 3391 1305 3551; baseline -0.001 -17"><span class='ocrx_word' id='word_1_277' title='bbox 202 3392 680 3551; x_wconf 52' lang='lat' dir='ltr'>ttettlttntlssttbt</span> <span class='ocrx_word' id='word_1_278' title='bbox 688 3391 1305 3551; x_wconf 49' lang='lat' dir='ltr'>teltlffldsddfflttttt</span> 
     </span>
     <span class='ocr_line' id='line_1_34' title="bbox 201 3554 1305 3633; baseline -0.001 -19"><span class='ocrx_word' id='word_1_279' title='bbox 201 3556 260 3633; x_wconf 90' lang='lat' dir='ltr'>ipsi</span> <span class='ocrx_word' id='word_1_280' title='bbox 280 3555 420 3614; x_wconf 90' lang='lat' dir='ltr'>Monachi</span> <span class='ocrx_word' id='word_1_281' title='bbox 442 3574 461 3613; x_wconf 89' lang='lat' dir='ltr'>a</span> <span class='ocrx_word' id='word_1_282' title='bbox 488 3555 667 3632; x_wconf 87' lang='lat' dir='ltr'>prestacione</span> <span class='ocrx_word' id='word_1_283' title='bbox 686 3554 863 3613; x_wconf 90' lang='lat' dir='ltr'>decimarum</span> <span class='ocrx_word' id='word_1_284' title='bbox 882 3554 1175 3613; x_wconf 86' lang='lat' dir='ltr'>instauramentorum</span> <span class='ocrx_word' id='word_1_285' title='bbox 1187 3554 1305 3613; x_wconf 89' lang='lat' dir='ltr'>illorum</span> 
     </span>
     <span class='ocr_line' id='line_1_35' title="bbox 202 3634 1305 3713; baseline 0 -18"><span class='ocrx_word' id='word_1_286' title='bbox 202 3640 287 3695; x_wconf 84' lang='lat' dir='ltr'>amnt</span> <span class='ocrx_word' id='word_1_287' title='bbox 300 3637 454 3698; x_wconf 91' lang='lat' dir='ltr'>immunes.</span> <span class='ocrx_word' id='word_1_288' title='bbox 497 3635 658 3695; x_wconf 89' lang='lat' dir='ltr'>Debebunt</span> <span class='ocrx_word' id='word_1_289' title='bbox 671 3640 769 3695; x_wconf 89' lang='lat' dir='ltr'>autem</span> <span class='ocrx_word' id='word_1_290' title='bbox 787 3635 913 3713; x_wconf 88' lang='lat' dir='ltr'>predicti</span> <span class='ocrx_word' id='word_1_291' title='bbox 925 3634 1027 3695; x_wconf 87' lang='lat' dir='ltr'>Abbas</span> <span class='ocrx_word' id='word_1_292' title='bbox 1041 3639 1070 3694; x_wconf 89' lang='lat' dir='ltr'>et</span> <span class='ocrx_word' id='word_1_293' title='bbox 1085 3635 1255 3696; x_wconf 86' lang='lat' dir='ltr'>Conventus</span> <span class='ocrx_word' id='word_1_294' title='bbox 1268 3635 1305 3695; x_wconf 91' lang='lat' dir='ltr'>de</span> 
     </span>
     <span class='ocr_line' id='line_1_36' title="bbox 203 3716 1305 3793; baseline -0.002 -16"><span class='ocrx_word' id='word_1_295' title='bbox 203 3716 233 3777; x_wconf 81' lang='lat' dir='ltr'>S.</span> <span class='ocrx_word' id='word_1_296' title='bbox 244 3716 368 3777; x_wconf 83' lang='lat' dir='ltr'>Ebrulfo</span> <span class='ocrx_word' id='word_1_297' title='bbox 382 3717 469 3776; x_wconf 82' lang='lat' dir='ltr'>nobis</span> <span class='ocrx_word' id='word_1_298' title='bbox 482 3721 512 3776; x_wconf 89' lang='lat' dir='ltr'>et</span> <span class='ocrx_word' id='word_1_299' title='bbox 526 3718 736 3776; x_wconf 90' lang='lat' dir='ltr'>successoribus</span> <span class='ocrx_word' id='word_1_300' title='bbox 749 3717 857 3775; x_wconf 88' lang='lat' dir='ltr'>nostris</span> <span class='ocrx_word' id='word_1_301' title='bbox 868 3716 906 3775; x_wconf 91' lang='lat' dir='ltr'>ad</span> <span class='ocrx_word' id='word_1_302' title='bbox 916 3716 1036 3775; x_wconf 85' lang='lat' dir='ltr'>eandem</span> <span class='ocrx_word' id='word_1_303' title='bbox 1046 3716 1184 3775; x_wconf 86' lang='lat' dir='ltr'>vicariam</span> <span class='ocrx_word' id='word_1_304' title='bbox 1193 3736 1305 3793; x_wconf 88' lang='lat' dir='ltr'>semper</span> 
     </span>
    </p>
   </div>
   <div class='ocr_carea' id='block_1_6' title="bbox 202 3798 1430 3875">
    <p class='ocr_par' dir='ltr' id='par_1_7' title="bbox 202 3798 1430 3875">
     <span class='ocr_line' id='line_1_37' title="bbox 202 3798 1430 3875; baseline 0 -18"><span class='ocrx_word' id='word_1_305' title='bbox 202 3817 269 3857; x_wconf 89' lang='lat' dir='ltr'>cum</span> <span class='ocrx_word' id='word_1_306' title='bbox 281 3798 428 3858; x_wconf 81' lang='lat' dir='ltr'>vacaverit</span> <span class='ocrx_word' id='word_1_307' title='bbox 441 3798 623 3875; x_wconf 88' lang='lat' dir='ltr'>capellanum</span> <span class='ocrx_word' id='word_1_308' title='bbox 634 3798 774 3857; x_wconf 88' lang='lat' dir='ltr'>idoneum</span> <span class='ocrx_word' id='word_1_309' title='bbox 786 3802 950 3875; x_wconf 84' lang='lat' dir='ltr'>presentare</span> <span class='ocrx_word' id='word_1_310' title='bbox 963 3816 1015 3873; x_wconf 90' lang='lat' dir='ltr'>per</span> <span class='ocrx_word' id='word_1_311' title='bbox 1028 3815 1081 3857; x_wconf 87' lang='lat' dir='ltr'>nos</span> <span class='ocrx_word' id='word_1_312' title='bbox 1092 3802 1122 3857; x_wconf 92' lang='grc' dir='ltr'>ιι</span> <span class='ocrx_word' id='word_1_313' title='bbox 1131 3816 1305 3863; x_wconf 85' lang='lat' dir='ltr'>successores</span> <span class='ocrx_word' id='word_1_314' title='bbox 1429 3819 1430 3822; x_wconf 44' lang='lat'>¹</span> 
     </span>
    </p>
   </div>
   <div class='ocr_carea' id='block_1_7' title="bbox 201 3877 1306 4607">
    <p class='ocr_par' dir='ltr' id='par_1_8' title="bbox 201 3877 1306 4607">
     <span class='ocr_line' id='line_1_38' title="bbox 202 3877 1305 3956; baseline -0.001 -18"><span class='ocrx_word' id='word_1_315' title='bbox 202 3884 316 3938; x_wconf 85' lang='lat' dir='ltr'>nostros</span> <span class='ocrx_word' id='word_1_316' title='bbox 329 3879 368 3938; x_wconf 88' lang='lat' dir='ltr'>ad</span> <span class='ocrx_word' id='word_1_317' title='bbox 386 3898 486 3939; x_wconf 87' lang='lat' dir='ltr'>eorum</span> <span class='ocrx_word' id='word_1_318' title='bbox 501 3878 749 3956; x_wconf 89' lang='lat' dir='ltr'>presentacionem</span> <span class='ocrx_word' id='word_1_319' title='bbox 768 3879 910 3938; x_wconf 86' lang='lat' dir='ltr'>ricarium</span> <span class='ocrx_word' id='word_1_320' title='bbox 929 3879 962 3937; x_wconf 93' lang='lat' dir='ltr'>in</span> <span class='ocrx_word' id='word_1_321' title='bbox 981 3878 1045 3955; x_wconf 91' lang='lat' dir='ltr'>ipsa</span> <span class='ocrx_word' id='word_1_322' title='bbox 1059 3877 1177 3938; x_wconf 86' lang='lat' dir='ltr'>ecclesia</span> <span class='ocrx_word' id='word_1_323' title='bbox 1189 3878 1305 3938; x_wconf 87' lang='lat' dir='ltr'>institu-</span> 
     </span>
     <span class='ocr_line' id='line_1_39' title="bbox 202 3958 1302 4020; baseline 0 -1"><span class='ocrx_word' id='word_1_324' title='bbox 202 3960 319 4020; x_wconf 87' lang='lat' dir='ltr'>endum</span> <span class='ocrx_word' id='word_1_325' title='bbox 361 3960 457 4020; x_wconf 80' lang='lat' dir='ltr'>Salvis</span> <span class='ocrx_word' id='word_1_326' title='bbox 470 3960 561 4019; x_wconf 90' lang='lat' dir='ltr'>eciam</span> <span class='ocrx_word' id='word_1_327' title='bbox 573 3960 606 4018; x_wconf 92' lang='lat' dir='ltr'>in</span> <span class='ocrx_word' id='word_1_328' title='bbox 626 3959 762 4019; x_wconf 86' lang='lat' dir='ltr'>omnibus</span> <span class='ocrx_word' id='word_1_329' title='bbox 782 3959 834 4020; x_wconf 84' lang='lat' dir='ltr'>dec.</span> <span class='ocrx_word' id='word_1_330' title='bbox 877 3958 918 4018; x_wconf 87' lang='lat' dir='ltr'>Et</span> <span class='ocrx_word' id='word_1_331' title='bbox 931 3964 966 4018; x_wconf 90' lang='lat' dir='ltr'>ut</span> <span class='ocrx_word' id='word_1_332' title='bbox 984 3960 1037 4017; x_wconf 92' lang='lat' dir='ltr'>hec</span> <span class='ocrx_word' id='word_1_333' title='bbox 1056 3960 1236 4018; x_wconf 89' lang='lat' dir='ltr'>confirmacio</span> <span class='ocrx_word' id='word_1_334' title='bbox 1250 3959 1302 4019; x_wconf 81' lang='lat' dir='ltr'>dec.</span> 
     </span>
     <span class='ocr_line' id='line_1_40' title="bbox 201 4039 1306 4119; baseline -0.001 -20"><span class='ocrx_word' id='word_1_335' title='bbox 201 4041 329 4118; x_wconf 89' lang='lat' dir='ltr'>presenti</span> <span class='ocrx_word' id='word_1_336' title='bbox 342 4042 449 4119; x_wconf 90' lang='lat' dir='ltr'>scripto</span> <span class='ocrx_word' id='word_1_337' title='bbox 462 4040 592 4117; x_wconf 85' lang='lat' dir='ltr'>sigillum</span> <span class='ocrx_word' id='word_1_338' title='bbox 610 4046 743 4099; x_wconf 87' lang='lat' dir='ltr'>nostrum</span> <span class='ocrx_word' id='word_1_339' title='bbox 762 4059 822 4099; x_wconf 87' lang='lat' dir='ltr'>una</span> <span class='ocrx_word' id='word_1_340' title='bbox 842 4060 909 4099; x_wconf 88' lang='lat' dir='ltr'>cum</span> <span class='ocrx_word' id='word_1_341' title='bbox 929 4040 1024 4117; x_wconf 80' lang='lat' dir='ltr'>sigillo</span> <span class='ocrx_word' id='word_1_342' title='bbox 1038 4040 1161 4116; x_wconf 89' lang='lat' dir='ltr'>predicti</span> <span class='ocrx_word' id='word_1_343' title='bbox 1175 4039 1306 4117; x_wconf 83' lang='lat' dir='ltr'>Capituli</span> 
     </span>
     <span class='ocr_line' id='line_1_41' title="bbox 201 4121 1304 4199; baseline -0.002 -18"><span class='ocrx_word' id='word_1_344' title='bbox 201 4123 295 4181; x_wconf 89' lang='lat' dir='ltr'>nostri</span> <span class='ocrx_word' id='word_1_345' title='bbox 307 4121 388 4181; x_wconf 86' lang='lat' dir='ltr'>Linc&#39;</span> <span class='ocrx_word' id='word_1_346' title='bbox 403 4121 542 4180; x_wconf 87' lang='lat' dir='ltr'>duximus</span> <span class='ocrx_word' id='word_1_347' title='bbox 560 4121 773 4199; x_wconf 81' lang='lat' dir='ltr'>apponendum.</span> <span class='ocrx_word' id='word_1_348' title='bbox 820 4122 886 4179; x_wconf 70' lang='lat' dir='ltr'>leliis</span> <span class='ocrx_word' id='word_1_349' title='bbox 899 4121 1034 4180; x_wconf 85' lang='lat' dir='ltr'>Testibus</span> <span class='ocrx_word' id='word_1_350' title='bbox 1050 4121 1161 4197; x_wconf 85' lang='lat' dir='ltr'>Rogero</span> <span class='ocrx_word' id='word_1_351' title='bbox 1176 4121 1304 4194; x_wconf 89' lang='lat' dir='ltr'>Decano,</span> 
     </span>
     <span class='ocr_line' id='line_1_42' title="bbox 202 4200 1304 4279; baseline -0.002 -18"><span class='ocrx_word' id='word_1_352' title='bbox 202 4202 238 4262; x_wconf 80' lang='lat' dir='ltr'>G.</span> <span class='ocrx_word' id='word_1_353' title='bbox 254 4203 434 4275; x_wconf 87' lang='lat' dir='ltr'>Precentore‚</span> <span class='ocrx_word' id='word_1_354' title='bbox 448 4202 560 4279; x_wconf 86' lang='lat' dir='ltr'>Rogare</span> <span class='ocrx_word' id='word_1_355' title='bbox 580 4202 676 4275; x_wconf 86' lang='lat' dir='ltr'>Cauc’,</span> <span class='ocrx_word' id='word_1_356' title='bbox 691 4201 727 4261; x_wconf 78' lang='lat' dir='ltr'>R.</span> <span class='ocrx_word' id='word_1_357' title='bbox 742 4201 917 4271; x_wconf 88' lang='lat' dir='ltr'>subdecano,</span> <span class='ocrx_word' id='word_1_358' title='bbox 932 4202 961 4261; x_wconf 83' lang='lat' dir='ltr'>J.</span> <span class='ocrx_word' id='word_1_359' title='bbox 977 4202 1176 4261; x_wconf 87' lang='lat' dir='ltr'>archidiacono</span> <span class='ocrx_word' id='word_1_360' title='bbox 1190 4200 1304 4274; x_wconf 86' lang='lat' dir='ltr'>Bedef&#39;,</span> 
     </span>
     <span class='ocr_line' id='line_1_43' title="bbox 202 4282 1304 4359; baseline -0.002 -17"><span class='ocrx_word' id='word_1_361' title='bbox 202 4282 343 4359; x_wconf 84' lang='lat' dir='ltr'>Magistro</span> <span class='ocrx_word' id='word_1_362' title='bbox 363 4283 413 4343; x_wconf 90' lang='lat' dir='ltr'>W.</span> <span class='ocrx_word' id='word_1_363' title='bbox 429 4282 470 4342; x_wconf 83' lang='lat' dir='ltr'>fil’</span> <span class='ocrx_word' id='word_1_364' title='bbox 489 4283 628 4343; x_wconf 81' lang='lat' dir='ltr'>Falconis</span> <span class='ocrx_word' id='word_1_365' title='bbox 648 4288 678 4342; x_wconf 91' lang='lat' dir='ltr'>et</span> <span class='ocrx_word' id='word_1_366' title='bbox 697 4283 762 4341; x_wconf 87' lang='lat' dir='ltr'>aliis</span> <span class='ocrx_word' id='word_1_367' title='bbox 781 4287 816 4341; x_wconf 91' lang='lat' dir='ltr'>ut</span> <span class='ocrx_word' id='word_1_368' title='bbox 836 4282 869 4341; x_wconf 89' lang='lat' dir='ltr'>in</span> <span class='ocrx_word' id='word_1_369' title='bbox 889 4288 967 4341; x_wconf 88' lang='lat' dir='ltr'>carta</span> <span class='ocrx_word' id='word_1_370' title='bbox 987 4283 1118 4359; x_wconf 85' lang='lat' dir='ltr'>proxima</span> <span class='ocrx_word' id='word_1_371' title='bbox 1128 4282 1304 4358; x_wconf 87' lang='lat' dir='ltr'>precedenti,</span> 
     </span>
     <span class='ocr_line' id='line_1_44' title="bbox 202 4362 1304 4441; baseline -0.001 -19"><span class='ocrx_word' id='word_1_372' title='bbox 202 4365 331 4441; x_wconf 85' lang='lat' dir='ltr'>exceptis</span> <span class='ocrx_word' id='word_1_373' title='bbox 354 4364 390 4425; x_wconf 67' lang='lat'>1³.</span> <span class='ocrx_word' id='word_1_374' title='bbox 416 4362 507 4423; x_wconf 89' lang='lat' dir='ltr'>Leirc&#39;</span> <span class='ocrx_word' id='word_1_375' title='bbox 530 4370 560 4423; x_wconf 91' lang='lat' dir='ltr'>et</span> <span class='ocrx_word' id='word_1_376' title='bbox 583 4364 612 4423; x_wconf 85' lang='lat' dir='ltr'>J.</span> <span class='ocrx_word' id='word_1_377' title='bbox 638 4364 737 4424; x_wconf 82' lang='lat' dir='ltr'>Stewe</span> <span class='ocrx_word' id='word_1_378' title='bbox 760 4363 976 4423; x_wconf 89' lang='lat' dir='ltr'>archidiaconis.</span> <span class='ocrx_word' id='word_1_379' title='bbox 1019 4362 1089 4423; x_wconf 87' lang='lat' dir='ltr'>Dat’</span> <span class='ocrx_word' id='word_1_380' title='bbox 1110 4382 1161 4439; x_wconf 92' lang='lat' dir='ltr'>per</span> <span class='ocrx_word' id='word_1_381' title='bbox 1183 4381 1304 4422; x_wconf 92' lang='lat' dir='ltr'>manum</span> 
     </span>
     <span class='ocr_line' id='line_1_45' title="bbox 201 4443 1302 4523; baseline -0.002 -19"><span class='ocrx_word' id='word_1_382' title='bbox 201 4444 357 4520; x_wconf 80' lang='lat' dir='ltr'>Reginaldi</span> <span class='ocrx_word' id='word_1_383' title='bbox 369 4445 528 4504; x_wconf 86' lang='lat' dir='ltr'>subdecani</span> <span class='ocrx_word' id='word_1_384' title='bbox 540 4444 623 4505; x_wconf 84' lang='lat' dir='ltr'>Line&#39;</span> <span class='ocrx_word' id='word_1_385' title='bbox 636 4446 670 4504; x_wconf 90' lang='lat' dir='ltr'>in</span> <span class='ocrx_word' id='word_1_386' title='bbox 683 4444 820 4522; x_wconf 87' lang='lat' dir='ltr'>Capitulo</span> <span class='ocrx_word' id='word_1_387' title='bbox 830 4443 912 4504; x_wconf 86' lang='lat' dir='ltr'>Linc’</span> <span class='ocrx_word' id='word_1_388' title='bbox 922 4445 1001 4522; x_wconf 87' lang='lat' dir='ltr'>apud</span> <span class='ocrx_word' id='word_1_389' title='bbox 1014 4444 1096 4505; x_wconf 87' lang='lat' dir='ltr'>Linc&#39;</span> <span class='ocrx_word' id='word_1_390' title='bbox 1108 4448 1210 4523; x_wconf 88' lang='lat' dir='ltr'>quarto</span> <span class='ocrx_word' id='word_1_391' title='bbox 1229 4443 1302 4503; x_wconf 87' lang='lat' dir='ltr'>Idus</span> 
     </span>
     <span class='ocr_line' id='line_1_46' title="bbox 201 4525 807 4607; baseline 0.002 -23"><span class='ocrx_word' id='word_1_392' title='bbox 201 4525 223 4584; x_wconf 87' lang='lat' dir='ltr'><strong>J</strong></span> <span class='ocrx_word' id='word_1_393' title='bbox 223 4526 276 4607; x_wconf 82' lang='lat' dir='ltr'>uh&#39;j</span> <span class='ocrx_word' id='word_1_394' title='bbox 291 4526 478 4603; x_wconf 86' lang='lat' dir='ltr'>pontificatus</span> <span class='ocrx_word' id='word_1_395' title='bbox 490 4526 583 4588; x_wconf 84' lang='lat' dir='ltr'>nostri</span> <span class='ocrx_word' id='word_1_396' title='bbox 596 4545 673 4585; x_wconf 89' lang='lat' dir='ltr'>auno</span> <span class='ocrx_word' id='word_1_397' title='bbox 686 4526 807 4587; x_wconf 88' lang='lat' dir='ltr'>decimo.</span> 
     </span>
    </p>
   </div>
   <div class='ocr_carea' id='block_1_8' title="bbox 0 0 1615 5367">
    <p class='ocr_par' dir='ltr' id='par_1_9' title="bbox 0 0 1615 5367">
     <span class='ocr_line' id='line_1_47' title="bbox 0 0 1615 5367; baseline 0 0"><span class='ocrx_word' id='word_1_398' title='bbox 0 0 1615 5367; x_wconf 95' lang='lat' dir='ltr'> </span> 
     </span>
    </p>
   </div>
  </div>
 </body>
</html>
