3192 5367
268 550 310 615 52
664 566 769 621 LIBER
789 568 969 631 sublacus

328 729 584 786 νιιιεοι-ιετοιι.
602 716 885 777 Vicmiainecclesis
893 716 930 777 ds
938 715 1127 795 Wilsgheton
1136 719 1219 795 cujus
1227 717 1368 778 medietas

267 804 314 860 cst
326 798 482 860 eorundem
495 796 547 859 &c
563 794 611 881 [ut
622 798 791 859 irrotulatur
803 800 836 858 in
849 798 1094 859 Anchidisconatu
1109 796 1222 881 Stow'.]

331 975 434 1030 fluet-t
461 958 607 1043 {Haupt}
635 960 793 1021 Vicariain
804 960 921 1021 ecclesia
935 960 972 1019 dc
986 959 1073 1037 Hsgh
1086 978 1143 1036 que
1157 965 1201 1020 est
1213 962 1317 1037 prioris
1330 962 1367 1021 de

272 1043 359 1119 Hsgh
367 1042 610 1103 consistitintoto
618 1043 764 1119 eltsmgio,
774 1041 903 1118 exceptis
911 1041 1032 1102 decimis
1043 1042 1270 1119 agnorumlans,
1275 1044 1368 1119 primo

270 1126 372 1201 legato,
388 1128 418 1182 st
431 1130 552 1200 excepto
564 1122 682 1184 redditu
694 1142 747 1183 sex
766 1122 924 1182 solidorum
937 1123 974 1182 de
987 1142 1046 1181 una
1059 1123 1165 1182 bovata
1177 1128 1251 1182 terre
1265 1130 1294 1183 et
1309 1143 1368 1183 uno

270 1210 353 1285 prato
366 1204 580 1281 pertinentibus
593 1205 631 1265 ad
641 1204 814 1281 ultarsgium
825 1226 832 1263 ι
846 1209 875 1263 st
888 1209 933 1263 est
945 1208 1016 1263 tunc
1029 1204 1137 1263 vicaria
1146 1204 1188 1280 vij
1200 1224 1366 1266 marcarum.

272 1288 312 1347 Et
331 1286 410 1363 prior
428 1287 624 1363 procumbunt
643 1285 806 1363 hospicium
824 1283 1040 1359 Archidiaconi,
1054 1290 1084 1343 et
1104 1290 1198 1345 cetera
1210 1304 1297 1345 onera
1309 1292 1369 1345 tam

272 1366 416 1427 ordinaria
433 1385 523 1445 quam
541 1366 767 1428 extraordinaris
785 1366 980 1440 sustinebunt,
997 1370 1027 1425 et
1046 1366 1244 1445 providebunt
1263 1368 1369 1427 vicario

272 1448 310 1509 de
322 1448 405 1509 totto.

336 1623 561 1680 swanum,
607 1609 725 1670 viam
756 1608 790 1669 m
824 1607 941 1669 esocis
973 1608 1011 1667 ss
1043 1608 1218 1686 swmoorsy
1243 1628 1300 1688 que
1326 1614 1371 1669 se
1436 1590 1442 1613 ⁸

273 1693 502 1770 Templariorum
521 1692 654 1752 consistit
672 1692 706 1750 in
724 1695 787 1751 toto
804 1690 941 1766 altaragio
961 1694 991 1749 et
1010 1690 1043 1748 in
1063 1690 1188 1767 quodam
1215 1692 1291 1750 tofto
1319 1691 1371 1750 ubi

274 1793 395 1852 persona
415 1773 577 1851 antiquitus
603 1791 718 1834 monere
737 1772 843 1832 solevit
863 1776 892 1831 ct
912 1772 945 1830 in
964 1770 1084 1830 decimis
1111 1771 1263 1849 garbarum
1283 1772 1370 1831 unius

273 1854 380 1914 bovate
406 1859 481 1913 terre
507 1859 537 1913 et
564 1853 685 1913 dimidie
711 1872 784 1929 quas
811 1852 916 1912 Wioth
942 1857 972 1912 et
995 1851 1144 1912 Galfridus
1170 1852 1209 1911 fii’
1238 1852 1372 1929 Hugonis

274 1935 412 1995 Palmerii
421 1934 764 1995 tenentinssdsmvilla
789 1934 830 1993 Et
840 1932 995 2011 Templarii
1005 1933 1199 2009 procurabunt
1209 1932 1372 2011 hospicium

274 2016 481 2077 Anchidisconi
493 2020 524 2075 et
536 2016 634 2075 omnia
646 2015 704 2076 clia
716 2034 803 2074 onera
816 2019 876 2073 tam
893 2014 1036 2074 ordinaris
1048 2032 1135 2091 quam
1149 2015 1373 2075 extraordinaris

273 2097 563 2175 sustinebuntpreter
570 2096 721 2174 synodaiis
728 2115 785 2173 que
792 2095 972 2157 solummodo
980 2096 1103 2157 vicarius
1111 2095 1204 2155 solvet
1211 2096 1370 2157 annuatim.

274 2178 315 2238 Et
327 2183 372 2237 est
384 2178 490 2239 vicaria
502 2178 536 2237 lx
548 2177 715 2239 solidorum.

336 2378 446 2435 Atoffi
470 2362 596 2447 [diocle]
638 2363 756 2425 Vicetia
767 2364 801 2424 in
814 2364 933 2425 ecclesia
946 2363 982 2424 de
995 2363 1079 2424 Aicle
1091 2382 1149 2441 que
1162 2368 1207 2423 est
1217 2362 1373 2424 eorundem

276 2448 410 2508 consistit
422 2448 455 2506 in
468 2452 531 2507 toto
551 2446 688 2524 nltsmgio
708 2451 739 2505 et
758 2445 790 2505 in
810 2445 937 2523 quodam
950 2444 1025 2505 tofto
1039 2446 1077 2505 cd
1090 2445 1211 2505 eandem
1225 2444 1375 2505 ecclesiam

276 2530 439 2607 pertinente
447 2528 640 2605 et'iemplnrii
649 2526 845 2605 procurabunt
854 2526 1017 2605 hospicium
1024 2526 1231 2587 Aschidiaconi
1239 2530 1269 2585 et
1277 2526 1375 2585 omnia

277 2612 335 2671 alic
354 2629 440 2670 onera
459 2610 646 2669 sustinebunt
664 2613 761 2687 pictor
782 2608 934 2684 synodalia
953 2626 1010 2685 qus
1029 2609 1153 2669 sicarius
1172 2606 1374 2669 tantummodo

276 2692 369 2753 solvet
382 2692 542 2751 annuatim
583 2691 625 2751 Et
637 2696 682 2751 est
694 2690 831 2751 vicariav
844 2708 1010 2749 marcarum.

338 2891 479 2946 ΕεεεΒΥ
505 2874 596 2960 [oliuo
608 2876 817 2953 Aeshbyjucta
830 2872 1007 2957 Beocrcm*].
1062 2874 1178 2935 Vicaiis
1199 2876 1233 2934 in
1257 2875 1376 2935 ecclesia

277 2958 314 3017 dc
347 2959 460 3036 Fsseby
493 2978 550 3035 que
584 2964 629 3018 est
662 2958 820 3019 eorundem
853 2958 894 3016 sic
928 2963 972 3017 est
1006 2956 1145 3017 ordinata.
1196 2956 1375 3016 Willielmus
1428 3010 1432 3017 .

278 3039 315 3099 de
325 3039 452 3117 Oustorp
461 3040 628 3117 capellanus
637 3044 667 3099 et
676 3041 800 3100 vicarius
810 3038 930 3100 habebit
940 3043 970 3097 et
979 3039 1091 3097 tenebit
1100 3043 1195 3097 totum
1206 3038 1375 3115 altaregium

276 3121 310 3179 in
333 3122 396 3179 vita
418 3140 471 3180 sua
493 3141 561 3182 cum
584 3122 659 3181 tofto
682 3120 829 3180 reddendo
853 3119 1004 3179 annuatim
1026 3118 1163 3197 predictis
1186 3120 1322 3195 magistro
1346 3124 1376 3178 et

276 3200 415 3261 fratribus
435 3201 507 3262 duas
526 3222 635 3263 marcas
654 3201 773 3279 argenti.
816 3202 888 3261 Post
908 3201 1021 3261 obitum
1041 3220 1109 3260 vero
1129 3200 1201 3260 dicti
1221 3200 1377 3260 Williolmi

277 3300 452 3342 successores
471 3284 563 3361 ipsius
582 3284 727 3343 tenebunt
745 3284 864 3346 nomine
884 3282 989 3343 vicarie
1009 3286 1103 3341 totum
1120 3282 1290 3359 alteragium
1309 3300 1375 3340 cum

277 3364 408 3439 predicto
416 3364 631 3441 toftoitaquod
640 3364 734 3424 nichil
743 3363 814 3423 inde
824 3364 961 3424 reddent:
976 3366 1006 3423 et
1015 3362 1172 3441 'templarii
1181 3362 1377 3441 procurabunt

278 3442 442 3522 hospicium
461 3445 668 3506 Archidioconi
689 3452 718 3507 et
738 3445 925 3507 sustinebunt
945 3448 1038 3504 cetera
1057 3462 1144 3503 onera
1159 3448 1220 3503 tam
1233 3444 1377 3503 ordinaris

278 3544 367 3601 qusm
380 3526 606 3587 extraordinaria
618 3531 680 3587 tam
692 3532 822 3604 tempore
831 3526 904 3603 dicti
913 3524 1069 3601 willielmi
1081 3542 1169 3602 quam
1183 3542 1377 3584 successorum

277 3606 371 3747 {pcipe
383 3612 478 3748 preotpr
491 3608 709 3749 synodnitliplpue
722 3609 784 3686 ipse
792 3606 974 3748 eviiffidmnuts
983 3611 1196 3747 etpucocess'ores
1206 3606 1252 3665 sui
1262 3605 1378 3666 solvent

308 3706 329 3746 n
344 3707 424 3747 umm
463 3706 593 3750 oannua
659 3708 692 3749 m
705 3707 792 3767 perpe
827 3708 884 3749 um.
982 3706 1023 3747 en
1046 3706 1186 3748 mosnav
1199 3706 1366 3747 marcarum.

726 3817 936 3859 'hehterhcnd

341 3964 555 4030 ιιουεετοιι7
571 3945 738 4033 [nauseet
763 3950 920 4009 Vicaniain
931 3949 1048 4011 ecclesia
1057 3950 1093 4009 de
1104 3949 1254 4009 Roueston
1266 3967 1322 4025 que
1334 3953 1379 4009 est

279 4032 438 4090 eorundem
461 4031 571 4092 scilicet
593 4034 627 4092 in
648 4032 743 4091 tribus
766 4032 899 4110 partibus
922 4036 952 4091 et
976 4032 1111 4109 magister
1134 4030 1313 4091 Willielmuc
1342 4030 1379 4089 de

280 4112 458 4172 Brancewell
484 4119 529 4173 est
554 4118 648 4173 rector
667 4118 770 4191 quarte
790 4114 889 4191 portis
942 4112 1085 4173 Consistit
1105 4112 1196 4189 igdtur
1217 4112 1324 4171 vicaria
1345 4111 1379 4169 in

278 4194 417 4271 sltsnsgio
438 4196 530 4254 totius
550 4194 668 4255 ecclesie
689 4198 720 4255 et
740 4196 774 4254 in
794 4194 914 4254 decimis
935 4194 1088 4271 garbarum
1101 4193 1138 4252 de
1151 4193 1245 4253 tribus
1263 4191 1379 4251 bovatis

278 4279 353 4334 terre
367 4275 404 4334 de
424 4275 553 4336 dominio
574 4274 703 4337 Galimdi
718 4276 758 4335 fil'
769 4274 842 4335 Eme
855 4275 888 4335 in
901 4276 1001 4335 eadem
1021 4274 1093 4335 villa
1111 4292 1149 4333 ex
1167 4278 1248 4351 pmte
1268 4272 1379 4333 scilicet

278 4354 423 4415 dictorum
439 4356 665 4435 Templariorum
679 4361 710 4415 et
722 4357 755 4415 in
768 4356 888 4416 decimis
907 4356 1059 4433 garbarum
1073 4355 1162 4415 unius
1178 4354 1282 4413 bovate
1303 4359 1379 4413 teme
