3192 5367
574 550 881 625 nuoenrswrnns.
923 587 967 609 w
1054 634 1056 639 s
1240 550 1282 621 71

193 724 331 801 elteregio
343 722 422 782 illius
441 719 614 791 medietatis,
628 724 771 779 otmense
789 716 869 795 quod
882 717 940 777 fuit
952 716 1114 777 Alexandri
1126 716 1287 795 capelleni3

191 810 222 865 et
241 805 335 865 solvet
353 802 477 864 vicarius
500 800 649 874 sinodalia,
670 805 700 859 et
719 800 865 877 templarii
890 798 1054 875 hospicium
1080 798 1286 861 Archidiaconi

191 885 394 963 procurabunt.
435 882 571 943 Vicariua
582 900 650 941 vero
663 899 775 957 semper
787 880 948 957 septimana
961 880 1094 952 secunde,
1106 881 1215 941 scilicet
1227 899 1286 958 qua

192 966 348 1027 celebrabit
359 966 392 1025 iu
405 963 515 1043 capella
526 963 670 1022 dictorum
682 962 813 1037 fratrum,
828 960 882 1021 erit
895 961 932 1020 ad
945 980 1074 1021 mensam
1086 980 1193 1022 eorum.

253 1109 414 1164 ΒυπγοΝ,
457 1093 574 1153 Vicaria
592 1092 625 1151 in
644 1091 764 1151 ecclesie
789 1090 826 1149 de
853 1090 975 1164 Burton,
995 1110 1052 1168 qua
1072 1096 1116 1151 ast
1134 1092 1237 1169 prioris
1257 1097 1286 1152 et

191 1181 353 1237 conventus
366 1175 403 1234 de
412 1174 445 1234 N
445 1180 540 1248 ortuo,
562 1174 731 1233 auctoritate
743 1172 860 1231 concilii
873 1172 1011 1246 ordinata,
1027 1174 1159 1233 consistit
1172 1174 1209 1232 in
1224 1178 1286 1233 toto

192 1257 330 1334 eltaragio
342 1256 435 1333 ipsius
447 1255 574 1326 ecclesia,
589 1256 618 1312 et
630 1254 663 1313 in
676 1252 788 1313 decime
799 1252 952 1329 garbarum
965 1254 1018 1312 xvi
1031 1253 1201 1314 bovaterum
1214 1259 1288 1314 terre

193 1338 231 1399 de
243 1338 328 1398 feodo
340 1336 507 1410 Trussebut,
521 1354 588 1395 cum
601 1352 702 1393 manso
715 1338 914 1411 competente:
936 1339 966 1393 et
985 1338 1054 1393 sunt
1073 1336 1117 1394 ibi
1136 1335 1289 1395 necessarii

193 1420 253 1479 duo
262 1418 403 1495 capellani
412 1422 442 1477 et
451 1418 510 1476 duo
520 1416 622 1476 cleriei.
658 1413 1198 1491 Vicariusautcmsolvatsinodelia,et
1210 1417 1289 1494 prior

193 1505 223 1561 et
236 1503 396 1561 conventus
408 1497 572 1575 hospicium
586 1494 791 1555 Arohidiaconi
803 1496 1006 1572 procurabunt.

254 1642 479 1698 ΗΑυτεΒΑῆρ
501 1623 718 1708 [Altiorcoptl
752 1624 870 1685 Vicaria
878 1626 911 1685 in
922 1627 1040 1687 ecclesia
1048 1626 1085 1687 ds
1096 1626 1287 1705 Hantebarge‚

194 1731 251 1789 que
260 1715 305 1770 est
314 1709 418 1787 prioris
427 1713 457 1768 et
467 1713 627 1768 conventus
637 1708 674 1767 de
684 1706 834 1785 Spalding,
846 1708 1015 1768 auctoritate
1025 1708 1140 1767 concilii
1148 1708 1289 1781 ordinate,

194 1792 328 1852 consistit
340 1792 374 1849 in
387 1794 449 1849 toto
463 1790 599 1866 elteregio
609 1808 676 1848 cum
686 1806 787 1847 manso
801 1792 1000 1865 competente,
1019 1789 1185 1849 siricarius
1197 1790 1291 1849 solvat

194 1872 354 1949 synodalia,
368 1876 398 1931 et
410 1870 489 1947 prior
498 1876 528 1930 at
537 1874 696 1930 conventus
705 1868 868 1946 hospicium
882 1870 1076 1931 archidiaconi
1086 1869 1288 1948 procurabunt

195 1954 236 2015 Et
247 1953 326 2014 valet
337 1952 488 2029 riceriavj
502 1952 597 2027 merc’,
611 1955 641 2011 et
652 1950 751 2010 totalis
764 1950 882 2009 ecclesia
895 1950 936 2011 xl.
1095 1992 1097 1999 ,

256 2097 389 2153 cona
417 2084 534 2143 Vicaria
540 2082 573 2141 in
580 2081 699 2141 ecclesia
705 2083 742 2142 da
752 2082 848 2157 Cotcs,
858 2100 915 2159 que
923 2084 967 2140 ast
974 2080 1088 2141 abbatis
1095 2086 1125 2143 et
1133 2087 1292 2143 conventus

196 2166 233 2225 dc
246 2165 403 2237 Wcllsbcc,
416 2166 587 2224 auctoritate
600 2163 715 2223 concilii
734 2164 876 2236 ordinate,
890 2163 1023 2222 consistit
1034 2164 1067 2222 in
1080 2168 1142 2223 toto
1155 2164 1293 2239 eltaragio

196 2251 228 2306 et
246 2246 278 2305 in
298 2266 341 2305 xx
360 2245 461 2306 solidis
480 2246 585 2305 annuis
604 2264 669 2303 cum
690 2263 792 2304 manso
812 2247 1000 2321 competente.
1055 2244 1205 2323 Assignati
1224 2250 1294 2305 sunt

197 2333 295 2387 autem
308 2327 380 2385 dicti
392 2346 435 2386 xx
447 2326 534 2385 solidi
553 2326 586 2384 in
606 2326 726 2385 decimis
744 2326 897 2402 garbarum
917 2324 953 2384 de
966 2326 1018 2401 viij
1033 2326 1148 2385 bovetis
1160 2330 1242 2400 torre,
1257 2326 1293 2385 da

197 2408 305 2487 quibus
317 2408 466 2467 Waltarus
479 2406 516 2466 de
528 2406 653 2465 Menisco
662 2410 743 2465 tenet
751 2407 842 2483 hijs,
857 2406 945 2482 Hugo
955 2407 1096 2483 presbiter
1105 2411 1185 2467 tanet
1194 2426 1293 2481 unam,

198 2489 296 2549 Adam
308 2488 430 2549 Crassus
442 2493 524 2548 tonet
537 2489 619 2561 duas,
632 2492 663 2547 et
676 2486 821 2548 Henricus
835 2487 954 2548 Crassus
967 2506 1063 2547 unam

257 2631 486 2687 τοῃκεεεγε,
528 2617 645 2677 Vicaria
657 2618 690 2676 in
703 2616 822 2677 ecclesia
841 2618 871 2679 S.
894 2618 986 2678 Maria
1000 2616 1036 2676 da
1053 2615 1222 2694 Torkeseya,
1237 2636 1294 2695 que

199 2704 243 2761 asi
252 2700 464 2761 canonicorum
473 2699 604 2775 ejusdem
612 2698 692 2772 villo,
703 2699 872 2758 auctoritate
886 2698 1001 2757 concilii
1011 2697 1151 2771 ordinata,
1162 2698 1295 2757 consistit

197 2782 231 2843 in
243 2782 325 2842 victu
337 2780 426 2839 nnius
438 2779 570 2841 canonici
582 2784 612 2839 et
625 2799 684 2839 une
696 2798 791 2839 marce
799 2798 905 2855 annua,
917 2798 984 2839 cum
992 2798 1092 2839 manso
1103 2784 1293 2857 competente.

258 2926 368 2981 οηυι.
411 2906 553 3050 [θνοωῑθέ.
593 2909 755 2969 Vicariein
768 2910 937 2970 ecclesiade
951 2909 1041 2984 Crull,
1056 2909 1296 2988 queastebbatis

127 2989 131 2993 ’
199 2998 229 3053 et
240 2999 400 3056 conventus
410 2992 447 3051 dc
460 2991 527 3052 Sele
547 3011 576 3069 y,
587 2992 736 3051 exdndum
749 2992 890 3065 ordinate,
901 2992 1033 3051 consistit
1042 2992 1075 3050 in
1084 2996 1147 3051 toto
1158 2992 1295 3069 eltamgio

199 3080 228 3134 et
242 3075 377 3134 omnibus
389 3073 512 3132 minutis
531 3072 650 3131 decimis
662 3073 700 3132 ad
713 3072 861 3133 ecclesiam
873 3074 966 3150 ipsam
984 3073 1206 3149 pertinentibus,
1221 3077 1250 3132 et
1263 3074 1296 3131 in

198 3154 312 3216 duabus
324 3156 439 3215 bovatis
451 3158 526 3213 terre
545 3172 611 3213 cum
630 3154 661 3229 vj
677 3154 749 3214 acris
760 3155 838 3231 prati
851 3159 880 3214 et
898 3174 965 3213 curn
987 3173 1088 3213 manso
1111 3154 1297 3231 competenti.

200 3236 288 3297 Salva
300 3236 370 3295 inde
382 3235 470 3295 dictis
482 3234 582 3294 abbati
595 3239 624 3293 ct
637 3235 796 3296 conventui
807 3254 867 3295 une
879 3254 974 3295 merca
983 3254 1049 3295 cum
1058 3254 1121 3295 eam
1131 3235 1189 3295 sibi
1198 3235 1297 3295 deberi

198 3317 384 3395 probaverint
395 3336 448 3394 per
460 3315 681 3376 ordinacionem.

260 3460 528 3515 ΗΑυΙιῠΤΗΟΒΡ.
560 3443 978 3587 [namttomaneppcoyp
1003 3446 1121 3507 Vicaria
1133 3447 1166 3506 in
1179 3448 1296 3508 ecclesia

199 3527 956 3605 deRauildthorp,quaestpriorisetconvantusdeT
979 3528 1297 3601 omholm,auctoritata

200 3610 316 3670 concilii
329 3609 470 3681 ordinate,
484 3610 616 3669 consistit
635 3610 668 3669 in
687 3613 751 3669 toto
770 3610 907 3686 eltaragio
927 3614 957 3668 et
976 3610 1008 3669 in
1026 3611 1161 3669 omnibns
1175 3611 1297 3670 minutis

200 3689 1293 3767 decimis,preterquamdeinstauroCanonicornm‚etinmansocompetente.

200 3772 345 3850 Percipict
357 3775 456 3830 autem
469 3771 593 3830 vicarius
607 3768 667 3852 [so.
684 3769 751 3853 20b]
761 3792 779 3831 a
788 3771 934 3832 canonicis
946 3772 1083 3848 predictis
1106 3772 1297 3849 quadraginta

201 3853 308 3912 solidos
320 3870 433 3911 annuos
445 3851 483 3910 ad
496 3857 620 3930 quatuor
637 3854 784 3926 terminos,
798 3852 935 3912 videlicet
947 3853 985 3912 ad
998 3852 1132 3931 pascham
1146 3873 1168 3912 x
1180 3853 1296 3927 solidos,

200 3934 234 3993 in
252 3934 327 3993 festo
348 3932 378 3993 S.
399 3932 547 3992 ‹Johennis
567 3934 699 4011 Baptista
718 3953 740 3992 x
759 3934 876 4007 solidos,
896 3934 930 3991 in
948 3934 1023 3993 festo
1050 3934 1086 3994 S.·
1103 3934 1255 3993 Michaelis
1275 3951 1296 3993 x

200 4013 317 4086 solidos,
330 4013 451 4073 infesto
470 4013 568 4073 Netel'
587 4014 711 4074 Domini
730 4035 751 4074 x
771 4016 886 4075 solidos.
931 4014 965 4074 Si
977 4020 1074 4074 autem
1087 4034 1105 4074 a
1117 4014 1262 4074 solucione
1276 4034 1298 4073 x

201 4096 358 4155 solidorum
378 4094 475 4171 aliquo
495 4095 689 4171 predictorum
714 4098 904 4155 terminorum
931 4097 1103 4155 cessaverint
1123 4096 1171 4156 val
1190 4096 1297 4155 vicario

199 4177 277 4235 inire
289 4194 331 4236 xv
344 4175 406 4234 dias
419 4176 564 4251 proximas
576 4181 729 4253 sequentes
746 4196 807 4236 non
820 4176 1018 4249 satisfecerint,
1033 4176 1146 4237 dabunt
1158 4196 1210 4253 pro
1223 4194 1299 4253 pana
1421 4218 1422 4223 η

201 4257 295 4316 cidem
314 4255 422 4316 noerio
448 4256 599 4316 dimidiam
623 4276 749 4317 mercem
768 4260 887 4335 argenti.
930 4257 1060 4316 Habebit
1087 4257 1176 4316 eciam
1203 4256 1298 4315 dictus

201 4339 325 4397 vicarius
347 4337 370 4413 ij
393 4356 472 4396 acres
498 4337 633 4398 terrain
658 4357 718 4397 nno
744 4357 845 4415 campo
871 4343 902 4397 et
927 4337 949 4413 ij
975 4338 1008 4397 in
1030 4338 1095 4397 alio.
1138 4336 1178 4396 Et
1204 4337 1298 4397 solvet

202 4418 577 4495 tantummcdosynodelie.

326 4521 1175 4573 [mmmdnderoithiepeeaandbothaidnoiflodlendizarsblankl.
