3192 5367
303 568 349 638 70
699 585 805 640 menn
825 584 1003 650 sinuosus

775 735 839 810 [m.
855 730 928 817 uoq.

363 852 580 910 SOOTHORN.
606 838 723 899 Vicaria
741 839 775 899 in
794 839 914 899 ecelesia
933 838 970 899 de
990 838 1143 913 Scothorn,
1157 858 1214 918 que
1229 844 1274 900 eet
1286 839 1400 901 abbatis

302 926 334 983 et
346 925 508 981 conventus
527 920 565 980 de
584 919 721 997 consp,
735 921 905 980 auctoritate
924 920 1041 980 concilii
1059 920 1201 995 ordinata,
1215 923 1348 981 consistit
1367 922 1401 981 in

301 1007 365 1064 toto
380 1001 526 1079 altemgio,
541 1000 630 1066 salvis
648 1000 719 1061 inde
739 1000 876 1078 Cepitulo
896 1000 1028 1061 Lincoln’
1041 1020 1064 1060 x
1082 1002 1183 1062 solidis
1202 1003 1307 1062 annuis
1326 1022 1401 1079 quoe

302 1084 381 1144 idem
404 1081 574 1159 Capitulum
600 1082 783 1159 abantiquo
810 1082 955 1159 percipere
980 1088 1192 1143 consuevemmt
1219 1102 1271 1161 per
1296 1102 1400 1143 manus

302 1164 432 1243 ipsorum
458 1162 572 1223 abbatis
599 1166 630 1222 et
657 1167 825 1223 conventus.
868 1162 931 1241 Ipsi
957 1181 1025 1223 vero
1052 1163 1142 1223 abbas
1176 1168 1205 1223 et
1238 1169 1400 1225 conventus

302 1244 466 1323 hospicium
485 1242 692 1304 Asohidinooni
711 1243 917 1321 procurabunt,
938 1248 968 1304 et
987 1244 1112 1305 vicarius
1131 1244 1274 1305 sinodalia
1295 1244 1397 1306 solvet.

299 1326 390 1388 Valet
402 1324 502 1385 totalis
514 1324 633 1385 ecelesia
645 1332 703 1385 ¹⁸²
715 1327 811 1397 marc',
824 1324 931 1385 vicaria
948 1344 970 1386 v
982 1324 1074 1387 mauo’.

361 1499 498 1555 τΗοΒρ.
523 1485 641 1547 Vicetia
652 1485 687 1546 iu
709 1486 829 1547 ecclesia
852 1486 889 1545 de
901 1484 1009 1565 Thorp,
1023 1505 1079 1564 que
1100 1490 1145 1547 est
1163 1486 1398 1565 Templadomm,

302 1569 472 1630 auctoritate
485 1566 602 1628 concilii
613 1566 755 1642 ordinata,
768 1566 902 1627 consistit
914 1568 948 1626 in
960 1571 1023 1627 toto
1037 1567 1182 1645 ulmmgio,
1196 1569 1271 1628 etin
1284 1568 1400 1629 duobus

302 1649 456 1728 quartariis
467 1647 506 1709 ds
518 1648 664 1709 frumento
676 1666 728 1727 per
740 1666 860 1721 mnum,
871 1652 902 1708 st
914 1648 947 1707 in
956 1648 1069 1709 duabus
1082 1650 1185 1709 merois
1197 1648 1309 1727 augenti
1321 1653 1399 1709 cento

301 1732 366 1791 loco
378 1729 570 1809 assignandis,
583 1734 613 1789 et
625 1730 658 1789 iu
677 1729 805 1807 quodem
823 1729 899 1789 totto
918 1728 998 1807 quod
1010 1729 1069 1789 fuit
1081 1730 1204 1791 Robsrti
1216 1731 1292 1791 Gric
1335 1729 1400 1807 Ipsi

301 1818 400 1872 eutem
425 1811 583 1889 Templarii
608 1810 706 1871 omnia
732 1830 820 1871 onera
852 1809 996 1871 ordinaria
1028 1811 1120 1889 ipsius
1152 1810 1270 1871 ecclesis
1303 1815 1400 1889 preter

302 1892 447 1954 modun
459 1891 655 1964 sustinebunt,
668 1910 726 1969 que
738 1891 862 1952 vicarius
875 1892 1026 1969 persolvet
1062 1892 1151 1952 Dicte
1159 1911 1228 1953 vem
1238 1892 1297 1951 duo
1306 1910 1402 1951 merce

300 1992 398 2035 annue
409 1976 512 2051 postea
523 1977 593 2033 sunt
605 1974 748 2049 assignate
757 1973 791 2031 in
803 1972 883 2033 hunc
895 1973 1033 2048 modum3
1052 1971 1089 2033 de
1101 1974 1218 2033 redditu
1231 1972 1341 2032 Thome
1361 1973 1400 2033 dc

301 2054 429 2116 Stanton
451 2058 563 2130 septem
586 2053 694 2113 solidos
716 2059 747 2113 st
768 2050 868 2131 vij‘1.,*
885 2052 923 2113 de
945 2054 1062 2114 redditu
1085 2053 1220 2133 Hugonis
1242 2053 1283 2113 fil'
1296 2054 1400 2113 Raude

300 2133 1400 2295 ecee„

321 2316 441 2358 mm
521 2374 1176 2427 ¹1mmmammnysenoreoemm

362 2522 621 2579 omnesones·
642 2505 863 2590 [Gainednrqht
910 2508 1027 2569 Vicetia
1045 2510 1079 2569 in
1097 2508 1216 2569 ecclesia
1231 2508 1268 2570 de
1281 2508 1399 2569 Geines·

300 2590 391 2669 hurd,
418 2609 476 2668 que
503 2595 547 2650 est
573 2590 739 2663 eorundem,
773 2590 944 2650 anctoritate
975 2590 1091 2651 concilii
1116 2592 1158 2650 sio
1184 2596 1229 2650 est
1255 2590 1395 2651 ordinata
1505 2637 1509 2644 .

300 2671 432 2733 Habebit
445 2677 542 2732 eutem
555 2671 679 2732 vicarius
697 2671 817 2731 nominc
830 2675 968 2749 perpetue
987 2670 1094 2732 vicanis
1112 2676 1207 2732 totum
1226 2670 1400 2747 altamginm

301 2771 368 2813 cum
390 2772 492 2813 manso
515 2753 700 2830 competenti,
714 2751 854 2812 solvendo
876 2751 947 2812 inde
969 2750 1056 2813 dictis
1076 2752 1214 2813 matribus
1237 2752 1340 2829 templi
1365 2752 1399 2811 xl

300 2834 409 2894 solidos
421 2852 541 2907 cunnos,
557 2838 587 2893 et
599 2838 728 2911 preterea
740 2832 881 2893 solvendo
897 2832 1047 2897 sinodalia
1089 2834 1153 2911 Ipsi
1171 2852 1240 2895 vero
1253 2832 1415 2913 templarii·

300 2913 463 2994 hospicium
475 2914 670 2975 emhidisconi
683 2913 887 2993 procurabunt

648 3016 854 3067 Inthsmussimtu
866 3016 1047 3059 sletsthande-

300 3094 406 3155 Postea
417 3094 551 3155 ordinate
563 3099 609 3155 est
621 3094 654 3153 iu
677 3092 757 3153 hunc
777 3094 918 3155 modum:
937 3094 976 3154 ed
993 3094 1131 3155 vioadam
1151 3094 1188 3153 de
1208 3094 1399 3173 Geynesburg

300 3176 449 3237 adduntur
461 3177 495 3253 iij
509 3194 604 3235 marce
616 3194 689 3253 quas
700 3174 853 3235 cousuevit
865 3176 989 3235 vicarius
997 3176 1108 3237 solvere
1120 3176 1287 3253 templariis,
1302 3180 1333 3235 et
1344 3176 1399 3236 hec

300 3258 500 3335 augmentacio
532 3256 609 3317 fecte
640 3255 700 3320 fuit
732 3261 861 3333 tempore
893 3256 973 3317 beati
1006 3256 1136 3331 Itoherti‚
1170 3261 1205 3317 ut
1236 3256 1269 3317 in
1303 3256 1398 3317 rotulo

299 3338 472 3399 continetur.

359 3512 614 3568 wlutofln'ow
637 3494 871 3581 [Willouphtoct
912 3497 1028 3563 Vicetia
1048 3499 1081 3559 in
1107 3498 1262 3560 medietate
1281 3499 1398 3559 ecclesie

300 3579 547 3659 deWilegheton'
568 3584 689 3657 quaest
712 3580 826 3640 abbatis
850 3585 880 3640 et
902 3585 1063 3641 conventus
1085 3580 1208 3659 andeg),
1228 3582 1398 3641 auctoritate

300 3661 418 3721 concilii
430 3661 570 3733 ordinata,
585 3661 719 3721 consistit
737 3661 771 3720 iu
790 3666 854 3720 toto
873 3660 1018 3739 altumgio
1029 3661 1110 3721 illius
1129 3662 1301 3736 medietatis,
1316 3667 1345 3721 et
1364 3663 1398 3721 in

300 3742 412 3801 decima
424 3742 505 3801 bladi
517 3761 537 3802 v
550 3741 722 3801 bovatamm
735 3746 809 3801 terre
833 3746 862 3801 st
886 3742 1006 3803 dimidie
1025 3761 1097 3820 ques
1115 3743 1219 3804 Simon
1231 3744 1270 3803 ffl’
1285 3744 1398 3817 Iuonis,

299 3822 435 3899 Nigellus
448 3822 596 3895 Cuterich
621 3822 719 3882 Hamo
741 3822 835 3896 Bulle,
863 3822 1042 3900 Reginaldus
1066 3823 1245 3898 Bucherius,
1268 3824 1399 3884 Albreds

301 3904 400 3975 vidus,
414 3903 593 3963 Willielmus
619 3902 785 3976 Herceum,
799 3909 830 3962 et
853 3903 1020 3964 Alexander
1041 3906 1204 3982 psepositus
1224 3910 1381 3965 tenuerunt
1389 3924 1400 3980 ;

298 4003 356 4063 que
369 3985 488 4061 quidem
501 3984 612 4044 decime
634 3985 796 4062 appreciate
818 3990 888 4045 suut
912 3986 949 4045 ad
970 4004 1059 4046 uuum
1072 4004 1195 4046 maroam
1204 4006 1215 4061 3
1233 3993 1263 4047 et
1276 3987 1308 4047 in
1321 3986 1398 4046 tofto

299 4066 378 4143 quod
391 4066 450 4126 fuit
473 4064 592 4125 Radulfi
613 4064 654 4125 fil·
674 4064 837 4126 Willielmi
881 4066 1014 4125 Vicarius
1038 4084 1107 4127 vero
1128 4068 1222 4128 solvet
1246 4066 1396 4128 sinodalis.

299 4147 439 4207 Monachi
454 4165 523 4207 vero
536 4146 732 4226 procumbunt
744 4146 908 4225 hospicium
920 4146 1135 4209 Archidieconi.

358 4321 624 4377 vetitet-How.
666 4308 784 4369 Vicetia
795 4308 828 4368 iu
844 4308 1000 4369 medietate
1013 4310 1130 4371 ecclesie
1143 4310 1179 4370 ds
1192 4309 1399 4387 Wilegheton'‚

299 4409 358 4469 que
370 4396 414 4449 est
426 4390 663 4468 Templariorum,
678 4392 849 4450 anctoritate
861 4390 978 4451 concilii
990 4391 1130 4466 ordinata,
1145 4393 1278 4452 consistit
1289 4393 1322 4451 iu
1336 4398 1400 4453 toto
