3192 5367
317 560 359 623 48
704 570 810 626 manu
831 570 1009 635 rumonus

316 730 382 788 octo
394 724 565 787 bovatamm
577 726 652 783 terre
664 719 698 781 in
710 720 813 781 eudem
821 720 893 781 villa
901 738 974 798 quas
982 720 1103 783 bovatas
1112 724 1187 783 terra
1195 721 1246 783 isti
1258 722 1418 803 subscripti

314 810 437 867 teneam:
467 805 556 882 Hugo
583 803 619 864 dc
646 801 796 879 Hospitali
822 806 904 862 tenet
935 802 1010 862 duas
1041 803 1163 863 bovatas
1189 807 1219 863 et
1251 804 1416 881 dimidiam,

313 888 440 949 Thomas
453 887 489 947 de
512 882 666 945 Wielhorn
686 882 849 947 dimidiam
861 883 1007 957 bovatam,
1020 882 1092 943 Viel
1113 884 1192 945 filius
1204 885 1310 962 Rogati
1323 906 1415 947 unam

313 969 460 1041 bonum,
473 966 599 1027 Thomas
611 964 691 1025 lilius
704 963 827 1023 Aluredi
839 968 870 1025 et
883 963 1003 1024 Beata-ix
1015 982 1096 1025 soror
1114 966 1179 1042 ejus
1197 966 1271 1025 duas
1285 967 1415 1044 bovatas,

315 1049 466 1111 Gallridus
487 1047 567 1107 tilius
587 1046 704 1107 Osbcrti
725 1064 817 1105 unam
828 1046 975 1119 bovatam,
989 1046 1119 1122 Rogatus
1131 1046 1248 1106 Palmer
1260 1047 1416 1109 dimidiam

314 1131 459 1204 boccum,
475 1128 623 1190 Wulbsrus
636 1126 795 1205 carpenta
811 1126 964 1186 dimidiam
984 1126 1127 1187 bovatam
1170 1127 1302 1189 Habebit
1317 1136 1417 1191 autem

315 1212 440 1273 vicarius
460 1210 570 1271 toltum
592 1208 757 1287 proximum
779 1206 859 1267 dicte
881 1207 1000 1268 ecclesie
1021 1226 1122 1269 veram
1144 1208 1311 1286 aquilonem
1335 1212 1417 1288 quod

316 1292 457 1355 Osbertus
470 1290 535 1353 Gelu
548 1293 630 1351 tanet
653 1292 683 1349 et
705 1288 768 1367 ipse
781 1288 907 1349 vicarius
925 1289 1020 1349 solvet
1038 1290 1192 1349 annuatim
1210 1292 1415 1353 tantummodo

314 1374 504 1451 syncdaliset
511 1370 752 1451 ipsimagisteret
761 1374 923 1431 conventus
933 1370 1130 1448 procurabunt
1138 1370 1304 1449 hospicium
1311 1372 1415 1434 Archi

314 1456 430 1516 diaconi
449 1458 479 1515 et
498 1458 592 1515 cetera
610 1470 698 1513 onera
716 1450 911 1513 sustinebunt
952 1450 994 1513 Et
1012 1456 1058 1512 est
1072 1451 1180 1513 vicum
1196 1452 1241 1530 iiii
1255 1472 1416 1515 mmcarnm

315 1540 346 1598 et
360 1534 489 1597 dimidia.

374 1710 523 1765 Αρρειε,
537 1690 667 1777 [Apisa]
677 1691 1414 1773 Vicariainaoclsaiadehppelequeestearumdem

313 1778 447 1839 consistit
459 1778 493 1837 in
505 1777 642 1855 altaragio
656 1780 685 1837 et
698 1776 731 1836 in
741 1775 862 1837 dammis
871 1780 938 1835 octo
947 1775 1118 1837 baratrum
1126 1780 1202 1837 terre
1212 1794 1271 1853 que
1279 1778 1411 1839 nondum

312 1858 433 1920 inerunt
445 1859 589 1937 assignate
602 1857 717 1935 stipsis
729 1856 782 1935 viij
799 1856 916 1919 horatia
933 1857 1087 1935 aadgnatis
1100 1858 1156 1917 erit
1168 1858 1276 1918 timna
1288 1864 1414 1936 quatuor

312 1958 480 2001 mmcamna

374 2114 589 2169 msoswffl.
628 2099 745 2161 Vinaria
777 2099 811 2159 in
843 2098 963 2161 eeclesia
994 2099 1033 2160 de
1065 2098 1237 2161 Madewdh
1271 2077 1330 2178 que
1365 2106 1412 2162 est

312 2182 477 2241 earumdem
500 2180 634 2242 consistit
655 2182 690 2241 in
712 2185 775 2241 toto
799 2180 937 2259 altaragio
959 2199 1026 2240 cnm
1048 2181 1126 2241 tosto
1148 2182 1328 2259 msignando.
1370 2182 1412 2243 Et

311 2262 437 2323 vicarius
449 2262 543 2323 solvet
555 2262 758 2323 tantummodo
771 2261 923 2339 synodalia
942 2266 972 2322 et
989 2262 1048 2340 ipsi
1059 2262 1195 2340 magister
1207 2267 1238 2323 et
1250 2268 1413 2324 cenventus

311 2344 508 2422 procurabunt
520 2344 683 2421 hospicium
696 2342 892 2405 archidiaconi
904 2346 935 2403 et
944 2344 1043 2403 omnia
1051 2344 1109 2404 alia
1117 2362 1205 2405 onena
1213 2344 1409 2405 sustinebunt

312 2424 353 2486 Et
365 2430 410 2487 est
424 2426 532 2487 vicena
544 2430 616 2487 tuuc
628 2424 759 2503 quinque
771 2442 940 2485 marearum.

371 2600 688 2657 νιΑοιΝοενιοητι-ι,
714 2585 832 2647 Vinaria
847 2586 880 2646 in
898 2584 1017 2647 ecclesie
1036 2586 1074 2647 de
1091 2584 1333 2665 Wadingeworth
1352 2607 1413 2666 qus

310 2672 356 2729 est
368 2668 534 2729 secumdam
553 2668 687 2729 consistit
706 2668 739 2728 in
757 2672 823 2728 toto
841 2667 980 2745 alteragio
1000 2686 1067 2728 cum
1085 2672 1161 2728 terra
1180 2673 1211 2729 et
1223 2668 1359 2730 domibus
1373 2671 1413 2730 ad

311 2750 420 2810 dictam
443 2750 593 2811 ecclesiam
615 2748 838 2827 pertinentibus
879 2748 921 2809 Et
943 2748 1068 2809 vicarius
1089 2750 1184 2810 solvet
1207 2752 1411 2811 tantummodo

310 2830 463 2907 synodalia
486 2835 516 2891 et
537 2830 597 2909 ipsi
618 2830 755 2909 magister
780 2835 811 2890 et
837 2834 999 2891 convontus
1024 2830 1221 2909 procurabunt
1245 2830 1412 2908 hospicium

310 2911 559 3053 mhiffiwdffl
582 2916 675 2973 catara
698 2930 784 2972 onera
807 2911 1003 2972 sustinebunt
1045 2911 1087 2971 Et
1111 2912 1191 2972 valet
1216 2912 1324 2973 vicum
1342 2914 1408 2991 iijs.

310 2993 396 3053 macc’
409 2998 440 3053 et
475 2993 482 3007 ‘
516 2993 562 3055 'ut
697 3034 699 3041 ·

372 3167 598 3225 ΡΡῃεετοΝΑ,
644 3152 762 3237 Vicacia
773 3154 807 3214 in
819 3154 939 3215 occissis
951 3154 989 3215 de
1001 3154 1124 3215 bbeaton
1136 3172 1194 3231 qus
1206 3159 1251 3215 est
1262 3156 1367 3233 prioris
1379 3160 1410 3217 et

309 3241 471 3297 conventus
490 3236 527 3297 de
543 3234 666 3296 Frestcn
685 3236 727 3297 sic
746 3240 791 3297 est
811 3236 950 3296 ordinata
992 3235 1127 3296 Vicurius
1146 3236 1202 3295 erit
1221 3236 1260 3297 ad
1279 3256 1410 3298 menam

309 3336 410 3377 eorum
422 3336 482 3377 una
495 3336 562 3377 cum
575 3317 678 3378 clerico
698 3336 751 3377 suo
770 3321 806 3377 ut
825 3317 951 3378 doctius
969 3318 1114 3378 secularis.
1154 3317 1195 3377 Et
1207 3318 1271 3395 ipse
1283 3318 1409 3379 donnus

308 3398 430 3459 habebit
455 3398 607 3459 annuatim
634 3398 706 3459 duas
732 3416 841 3459 marcas
873 3398 911 3458 ad
942 3398 1084 3459 vestitum
1117 3416 1203 3458 auum
1230 3403 1261 3459 et
1287 3397 1409 3460 habehit
1499 3433 1507 3445 ν

308 3479 472 3540 oblaciones
485 3479 523 3539 ad
535 3499 556 3540 v
568 3478 644 3539 fests
657 3480 728 3540 anni
740 3479 852 3539 scilicet
862 3479 901 3539 ad
913 3478 1022 3539 festum
1032 3479 1173 3540 Omnium
1182 3478 1355 3541 Sanctorum
1361 3482 1406 3557 jd

308 3560 346 3620 ad
357 3560 464 3620 Natale
471 3560 595 3621 Domini
606 3560 670 3637 iijd
681 3561 720 3621 ad
732 3560 869 3639 pascham
881 3560 933 3638 ijd
945 3560 984 3621 ad
996 3564 1183 3638 pentecosten
1192 3562 1236 3636 jd
1248 3560 1286 3620 ad
1299 3562 1408 3622 festum

308 3641 427 3701 ecclesie
442 3641 485 3717 jd
505 3660 558 3719 pro
578 3660 695 3719 corpore
713 3644 842 3719 presenti
857 3642 901 3718 jd
917 3660 969 3720 pro
989 3641 1173 3719 sponsalibus
1189 3641 1234 3719 jd
1275 3642 1407 3704 Habebit

307 3722 399 3782 eciam
411 3722 507 3783 dictus
518 3723 641 3783 vicarius
651 3722 812 3783 meandum
820 3724 955 3800 legatum
991 3722 1122 3783 Habebit
1131 3724 1223 3783 eciam
1231 3723 1407 3800 palefridum

307 3802 346 3864 ad
358 3803 515 3881 lomagium
527 3804 671 3864 dictorum
690 3805 793 3882 prioris
806 3808 837 3864 et
849 3808 1010 3864 conventus
1022 3808 1054 3863 et
1065 3804 1104 3864 ad
1116 3804 1293 3881 prebendam
1305 3822 1407 3864 eorum

306 3884 517 3945 racionabilem.
560 3884 601 3944 Et
625 3885 684 3963 ipsi
709 3886 787 3963 prior
813 3889 843 3945 et
869 3889 1032 3945 conventus
1056 3885 1172 3946 solvent
1197 3884 1349 3962 synodalia
1375 3891 1406 3945 et

306 3965 469 4043 hospicium
482 3964 678 4027 archidiaconi
690 3966 887 4045 procurabunt
899 3970 930 4027 et
942 3971 1037 4027 catera
1049 3984 1137 4027 onem
1149 3966 1344 4027 sustinebunt

368 4136 605 4195 BUTREWYKE.
627 4126 909 4189 Vicariaineccleaia
917 4127 1406 4205 deBnterwikqueesteorumdem

305 4208 439 4269 consistit
452 4208 485 4268 in
498 4214 560 4269 toto
580 4210 717 4287 altanagio
737 4228 806 4270 cum
823 4210 900 4270 totto
919 4210 1084 4286 pertinente
1102 4209 1141 4269 ad
1160 4209 1308 4269 ecclesiam
1327 4214 1359 4269 et
1371 4211 1406 4269 in

305 4289 423 4350 redditu
436 4290 626 4366 quadraginta
635 4290 819 4351 decanorum
828 4291 993 4368 antiquitus
1001 4290 1106 4351 collato
1116 4290 1155 4350 ad
1163 4290 1318 4350 luminaria
1325 4310 1405 4367 repe

305 4371 407 4441 cienda
413 4370 446 4431 iu
456 4371 574 4453 diotalt)
584 4372 710 4433 ccclesia
751 4372 792 4433 Et
801 4372 927 4436 vicarius
936 4371 1030 4436 solvet
1038 4371 1241 4432 tantummodo
1250 4370 1404 4449 synodalis
