<?xml version="1.0" encoding="UTF-8"?>
<!DOCTYPE html PUBLIC "-//W3C//DTD XHTML 1.0 Transitional//EN"
    "http://www.w3.org/TR/xhtml1/DTD/xhtml1-transitional.dtd">
<html xmlns="http://www.w3.org/1999/xhtml" xml:lang="en" lang="en">
 <head>
  <title>
</title>
<meta http-equiv="Content-Type" content="text/html;charset=utf-8" />
  <meta name='ocr-system' content='tesseract 3.04.00' />
  <meta name='ocr-capabilities' content='ocr_page ocr_carea ocr_par ocr_line ocrx_word'/>
</head>
<body>
  <div class='ocr_page' id='page_1' title='image "./liberantiquusde00wgoog_0117.png"; bbox 0 0 3192 5367; ppageno 0'>
   <div class='ocr_carea' id='block_1_1' title="bbox 597 562 1301 632">
    <p class='ocr_par' dir='ltr' id='par_1_1' title="bbox 597 562 1301 632">
     <span class='ocr_line' id='line_1_1' title="bbox 597 562 1301 632; baseline -0.01 0"><span class='ocrx_word' id='word_1_1' title='bbox 597 578 756 632; x_wconf 72' lang='lat' dir='ltr'><strong>utconlu</strong></span> <span class='ocrx_word' id='word_1_2' title='bbox 776 576 902 631; x_wconf 80' lang='lat' dir='ltr'><strong>wnms.</strong></span> <span class='ocrx_word' id='word_1_3' title='bbox 1238 562 1301 626; x_wconf 81' lang='lat'><strong>103</strong></span> 
     </span>
    </p>
   </div>
   <div class='ocr_carea' id='block_1_2' title="bbox 155 724 1347 2503">
    <p class='ocr_par' dir='ltr' id='par_1_2' title="bbox 155 724 1347 2503">
     <span class='ocr_line' id='line_1_2' title="bbox 202 724 1304 806; baseline -0.001 -18"><span class='ocrx_word' id='word_1_4' title='bbox 202 727 336 806; x_wconf 87' lang='lat' dir='ltr'><strong>perpetui</strong></span> <span class='ocrx_word' id='word_1_5' title='bbox 359 726 500 787; x_wconf 87' lang='lat' dir='ltr'><strong>beneficii</strong></span> <span class='ocrx_word' id='word_1_6' title='bbox 555 725 606 785; x_wconf 88' lang='lat' dir='ltr'><strong>Ad</strong></span> <span class='ocrx_word' id='word_1_7' title='bbox 628 726 701 785; x_wconf 80' lang='lat' dir='ltr'><strong>dues</strong></span> <span class='ocrx_word' id='word_1_8' title='bbox 727 724 846 803; x_wconf 90' lang='lat' dir='ltr'><strong>quidem</strong></span> <span class='ocrx_word' id='word_1_9' title='bbox 870 724 942 785; x_wconf 77' lang='lat' dir='ltr'><strong>alies</strong></span> <span class='ocrx_word' id='word_1_10' title='bbox 968 727 1064 801; x_wconf 78' lang='lat' dir='ltr'><strong>portes</strong></span> <span class='ocrx_word' id='word_1_11' title='bbox 1090 727 1304 801; x_wconf 82' lang='lat' dir='ltr'><strong>presentabitur</strong></span> 
     </span>
     <span class='ocr_line' id='line_1_3' title="bbox 201 806 1304 882; baseline 0.001 -14"><span class='ocrx_word' id='word_1_12' title='bbox 201 809 337 869; x_wconf 90' lang='lat' dir='ltr'><strong>similiter</strong></span> <span class='ocrx_word' id='word_1_13' title='bbox 349 808 436 868; x_wconf 90' lang='lat' dir='ltr'><strong>nobis</strong></span> <span class='ocrx_word' id='word_1_14' title='bbox 455 812 485 867; x_wconf 93' lang='lat' dir='ltr'><strong>et</strong></span> <span class='ocrx_word' id='word_1_15' title='bbox 504 808 715 866; x_wconf 89' lang='lat' dir='ltr'><strong>successoribus</strong></span> <span class='ocrx_word' id='word_1_16' title='bbox 734 807 841 867; x_wconf 86' lang='lat' dir='ltr'><strong>nostris</strong></span> <span class='ocrx_word' id='word_1_17' title='bbox 859 806 984 866; x_wconf 81' lang='lat' dir='ltr'><strong>vicarius</strong></span> <span class='ocrx_word' id='word_1_18' title='bbox 1004 809 1165 882; x_wconf 79' lang='lat' dir='ltr'><strong>perpetuus</strong></span> <span class='ocrx_word' id='word_1_19' title='bbox 1181 826 1198 867; x_wconf 83' lang='lat' dir='ltr'><strong>s</strong></span> <span class='ocrx_word' id='word_1_20' title='bbox 1217 808 1304 869; x_wconf 88' lang='lat' dir='ltr'><strong>nobis</strong></span> 
     </span>
     <span class='ocr_line' id='line_1_4' title="bbox 200 887 1304 967; baseline 0.001 -18"><span class='ocrx_word' id='word_1_21' title='bbox 200 889 402 950; x_wconf 86' lang='lat' dir='ltr'><strong>instituendus</strong></span> <span class='ocrx_word' id='word_1_22' title='bbox 424 889 476 966; x_wconf 91' lang='lat' dir='ltr'><strong>qni</strong></span> <span class='ocrx_word' id='word_1_23' title='bbox 500 888 591 947; x_wconf 82' lang='lat' dir='ltr'><strong>eciem</strong></span> <span class='ocrx_word' id='word_1_24' title='bbox 615 888 745 965; x_wconf 88' lang='lat' dir='ltr'><strong>quinque</strong></span> <span class='ocrx_word' id='word_1_25' title='bbox 767 906 876 947; x_wconf 83' lang='lat' dir='ltr'><strong>meroes</strong></span> <span class='ocrx_word' id='word_1_26' title='bbox 899 905 1010 947; x_wconf 76' lang='lat' dir='ltr'><strong>annues</strong></span> <span class='ocrx_word' id='word_1_27' title='bbox 1032 887 1150 947; x_wconf 88' lang='lat' dir='ltr'><strong>nomine</strong></span> <span class='ocrx_word' id='word_1_28' title='bbox 1170 890 1304 967; x_wconf 87' lang='lat' dir='ltr'><strong>perpetui</strong></span> 
     </span>
     <span class='ocr_line' id='line_1_5' title="bbox 201 966 1303 1047; baseline 0 -17"><span class='ocrx_word' id='word_1_29' title='bbox 201 970 335 1030; x_wconf 88' lang='lat' dir='ltr'><strong>beneficii</strong></span> <span class='ocrx_word' id='word_1_30' title='bbox 348 970 494 1047; x_wconf 82' lang='lat' dir='ltr'><strong>sepedicto</strong></span> <span class='ocrx_word' id='word_1_31' title='bbox 508 969 645 1046; x_wconf 78' lang='lat' dir='ltr'><strong>capitulo</strong></span> <span class='ocrx_word' id='word_1_32' title='bbox 658 968 753 1028; x_wconf 84' lang='lat' dir='ltr'><strong>Exon&#39;</strong></span> <span class='ocrx_word' id='word_1_33' title='bbox 767 968 919 1046; x_wconf 86' lang='lat' dir='ltr'><strong>persolvet</strong></span> <span class='ocrx_word' id='word_1_34' title='bbox 961 966 1001 1026; x_wconf 85' lang='lat' dir='ltr'><strong>Et</strong></span> <span class='ocrx_word' id='word_1_35' title='bbox 1016 972 1123 1027; x_wconf 84' lang='lat' dir='ltr'><strong>extunc</strong></span> <span class='ocrx_word' id='word_1_36' title='bbox 1140 976 1226 1029; x_wconf 90' lang='lat' dir='ltr'><strong>erunt</strong></span> <span class='ocrx_word' id='word_1_37' title='bbox 1246 976 1303 1030; x_wconf 89' lang='lat' dir='ltr'><strong>tres</strong></span> 
     </span>
     <span class='ocr_line' id='line_1_6' title="bbox 202 1048 1304 1129; baseline -0.001 -18"><span class='ocrx_word' id='word_1_38' title='bbox 202 1052 308 1111; x_wconf 79' lang='lat' dir='ltr'><strong>vicarie</strong></span> <span class='ocrx_word' id='word_1_39' title='bbox 329 1055 467 1129; x_wconf 85' lang='lat' dir='ltr'><strong>perpetue</strong></span> <span class='ocrx_word' id='word_1_40' title='bbox 489 1054 519 1110; x_wconf 91' lang='lat' dir='ltr'><strong>et</strong></span> <span class='ocrx_word' id='word_1_41' title='bbox 540 1056 599 1109; x_wconf 87' lang='lat' dir='ltr'><strong>tres</strong></span> <span class='ocrx_word' id='word_1_42' title='bbox 619 1050 720 1109; x_wconf 77' lang='lat' dir='ltr'><strong>vicarii</strong></span> <span class='ocrx_word' id='word_1_43' title='bbox 740 1050 873 1127; x_wconf 87' lang='lat' dir='ltr'><strong>perpetui</strong></span> <span class='ocrx_word' id='word_1_44' title='bbox 898 1049 931 1107; x_wconf 91' lang='lat' dir='ltr'><strong>in</strong></span> <span class='ocrx_word' id='word_1_45' title='bbox 951 1048 1052 1108; x_wconf 81' lang='lat' dir='ltr'><strong>eedem</strong></span> <span class='ocrx_word' id='word_1_46' title='bbox 1071 1049 1189 1110; x_wconf 83' lang='lat' dir='ltr'><strong>ecclesie</strong></span> <span class='ocrx_word' id='word_1_47' title='bbox 1200 1052 1304 1128; x_wconf 87' lang='lat' dir='ltr'><strong>imper-</strong></span> 
     </span>
     <span class='ocr_line' id='line_1_7' title="bbox 202 1130 1305 1210; baseline 0 -18"><span class='ocrx_word' id='word_1_48' title='bbox 202 1138 332 1210; x_wconf 87' lang='lat' dir='ltr'><strong>petuum.</strong></span> <span class='ocrx_word' id='word_1_49' title='bbox 374 1130 434 1207; x_wconf 81' lang='lat' dir='ltr'><strong>Qui</strong></span> <span class='ocrx_word' id='word_1_50' title='bbox 447 1131 549 1191; x_wconf 79' lang='lat' dir='ltr'><strong>vicarii</strong></span> <span class='ocrx_word' id='word_1_51' title='bbox 561 1130 602 1189; x_wconf 92' lang='lat' dir='ltr'><strong>sic</strong></span> <span class='ocrx_word' id='word_1_52' title='bbox 615 1150 668 1207; x_wconf 89' lang='lat' dir='ltr'><strong>per</strong></span> <span class='ocrx_word' id='word_1_53' title='bbox 680 1148 735 1189; x_wconf 90' lang='lat' dir='ltr'><strong>nos</strong></span> <span class='ocrx_word' id='word_1_54' title='bbox 747 1134 778 1188; x_wconf 93' lang='lat' dir='ltr'><strong>et</strong></span> <span class='ocrx_word' id='word_1_55' title='bbox 791 1148 965 1189; x_wconf 86' lang='lat' dir='ltr'><strong>successores</strong></span> <span class='ocrx_word' id='word_1_56' title='bbox 978 1133 1092 1189; x_wconf 81' lang='lat' dir='ltr'><strong>nostros</strong></span> <span class='ocrx_word' id='word_1_57' title='bbox 1101 1130 1233 1191; x_wconf 89' lang='lat' dir='ltr'><strong>instituti</strong></span> <span class='ocrx_word' id='word_1_58' title='bbox 1243 1137 1305 1191; x_wconf 90' lang='lat' dir='ltr'><strong>tem</strong></span> 
     </span>
     <span class='ocr_line' id='line_1_8' title="bbox 202 1210 1304 1273; baseline 0 0"><span class='ocrx_word' id='word_1_59' title='bbox 202 1213 289 1273; x_wconf 91' lang='lat' dir='ltr'><strong>nobis</strong></span> <span class='ocrx_word' id='word_1_60' title='bbox 302 1218 332 1273; x_wconf 90' lang='lat' dir='ltr'><strong>et</strong></span> <span class='ocrx_word' id='word_1_61' title='bbox 345 1213 555 1272; x_wconf 85' lang='lat' dir='ltr'><strong>successoribus</strong></span> <span class='ocrx_word' id='word_1_62' title='bbox 565 1212 672 1271; x_wconf 84' lang='lat' dir='ltr'><strong>nostris</strong></span> <span class='ocrx_word' id='word_1_63' title='bbox 682 1216 712 1271; x_wconf 87' lang='lat' dir='ltr'><strong>et</strong></span> <span class='ocrx_word' id='word_1_64' title='bbox 722 1210 840 1270; x_wconf 86' lang='lat' dir='ltr'><strong>ecclesie</strong></span> <span class='ocrx_word' id='word_1_65' title='bbox 849 1216 946 1270; x_wconf 87' lang='lat' dir='ltr'><strong>nostre</strong></span> <span class='ocrx_word' id='word_1_66' title='bbox 957 1210 1040 1269; x_wconf 89' lang='lat' dir='ltr'><strong>Lino&#39;</strong></span> <span class='ocrx_word' id='word_1_67' title='bbox 1051 1214 1081 1269; x_wconf 91' lang='lat' dir='ltr'><strong>et</strong></span> <span class='ocrx_word' id='word_1_68' title='bbox 1091 1210 1304 1273; x_wconf 81' lang='lat' dir='ltr'><strong>Archidiecono</strong></span> 
     </span>
     <span class='ocr_line' id='line_1_9' title="bbox 204 1286 1347 1371; baseline -0.001 -17"><span class='ocrx_word' id='word_1_69' title='bbox 204 1293 299 1354; x_wconf 86' lang='lat' dir='ltr'><strong>Oxon&#39;</strong></span> <span class='ocrx_word' id='word_1_70' title='bbox 308 1312 396 1371; x_wconf 83' lang='lat' dir='ltr'><strong>quem</strong></span> <span class='ocrx_word' id='word_1_71' title='bbox 406 1293 543 1371; x_wconf 81' lang='lat' dir='ltr'><strong>Cepitnlo</strong></span> <span class='ocrx_word' id='word_1_72' title='bbox 556 1292 651 1351; x_wconf 84' lang='lat' dir='ltr'><strong>Excn&#39;</strong></span> <span class='ocrx_word' id='word_1_73' title='bbox 659 1291 818 1352; x_wconf 88' lang='lat' dir='ltr'><strong>secundnm</strong></span> <span class='ocrx_word' id='word_1_74' title='bbox 829 1292 908 1369; x_wconf 93' lang='lat' dir='ltr'><strong>quod</strong></span> <span class='ocrx_word' id='word_1_75' title='bbox 918 1292 1089 1369; x_wconf 84' lang='lat' dir='ltr'><strong>promissum</strong></span> <span class='ocrx_word' id='word_1_76' title='bbox 1100 1297 1144 1352; x_wconf 88' lang='lat' dir='ltr'><strong>est</strong></span> <span class='ocrx_word' id='word_1_77' title='bbox 1153 1293 1305 1370; x_wconf 86' lang='lat' dir='ltr'><strong>responde·</strong></span> <span class='ocrx_word' id='word_1_78' title='bbox 1346 1286 1347 1291; x_wconf 33' lang='lat'>¹</span> 
     </span>
     <span class='ocr_line' id='line_1_10' title="bbox 203 1371 1304 1451; baseline 0.001 -17"><span class='ocrx_word' id='word_1_79' title='bbox 203 1374 287 1434; x_wconf 89' lang='lat' dir='ltr'><strong>bunt.</strong></span> <span class='ocrx_word' id='word_1_80' title='bbox 317 1373 599 1435; x_wconf 79' lang='lat' dir='ltr'><strong>Salvisinomnibus</strong></span> <span class='ocrx_word' id='word_1_81' title='bbox 607 1373 817 1451; x_wconf 77' lang='lat' dir='ltr'><strong>episcopalibus</strong></span> <span class='ocrx_word' id='word_1_82' title='bbox 826 1372 1085 1431; x_wconf 85' lang='lat' dir='ltr'><strong>consuetudinibus</strong></span> <span class='ocrx_word' id='word_1_83' title='bbox 1093 1371 1144 1433; x_wconf 81' lang='lat' dir='ltr'><strong>dre.</strong></span> <span class='ocrx_word' id='word_1_84' title='bbox 1174 1374 1304 1450; x_wconf 77' lang='lat' dir='ltr'><strong>Quodut</strong></span> 
     </span>
     <span class='ocr_line' id='line_1_11' title="bbox 203 1453 1303 1533; baseline 0.001 -19"><span class='ocrx_word' id='word_1_85' title='bbox 203 1460 372 1533; x_wconf 82' lang='lat' dir='ltr'><strong>perpetuom</strong></span> <span class='ocrx_word' id='word_1_86' title='bbox 392 1456 522 1531; x_wconf 74' lang='lat' dir='ltr'>optineat</span> <span class='ocrx_word' id='word_1_87' title='bbox 541 1455 707 1514; x_wconf 85' lang='lat' dir='ltr'><strong>firmitstem</strong></span> <span class='ocrx_word' id='word_1_88' title='bbox 726 1473 781 1513; x_wconf 92' lang='lat' dir='ltr'><strong>nos</strong></span> <span class='ocrx_word' id='word_1_89' title='bbox 801 1457 831 1513; x_wconf 88' lang='lat' dir='ltr'><strong>et</strong></span> <span class='ocrx_word' id='word_1_90' title='bbox 844 1453 1013 1531; x_wconf 79' lang='lat' dir='ltr'><strong>Capitulum</strong></span> <span class='ocrx_word' id='word_1_91' title='bbox 1032 1459 1164 1514; x_wconf 89' lang='lat' dir='ltr'><strong>nostrum</strong></span> <span class='ocrx_word' id='word_1_92' title='bbox 1176 1454 1259 1515; x_wconf 87' lang='lat' dir='ltr'><strong>Lino&#39;</strong></span> <span class='ocrx_word' id='word_1_93' title='bbox 1273 1460 1303 1515; x_wconf 93' lang='lat' dir='ltr'><strong>et</strong></span> 
     </span>
     <span class='ocr_line' id='line_1_12' title="bbox 155 1533 1302 1614; baseline 0.002 -19"><span class='ocrx_word' id='word_1_94' title='bbox 155 1583 157 1587; x_wconf 89' lang='lat'><strong>.</strong></span> <span class='ocrx_word' id='word_1_95' title='bbox 203 1536 366 1614; x_wconf 85' lang='lat' dir='ltr'><strong>predictum</strong></span> <span class='ocrx_word' id='word_1_96' title='bbox 374 1535 544 1613; x_wconf 73' lang='lat' dir='ltr'><strong>Capitulum</strong></span> <span class='ocrx_word' id='word_1_97' title='bbox 552 1533 891 1613; x_wconf 87' lang='lat' dir='ltr'><strong>Exon’presentiscripto</strong></span> <span class='ocrx_word' id='word_1_98' title='bbox 899 1534 1302 1613; x_wconf 79' lang='lat' dir='ltr'><strong>sigillenostrsspposuimns</strong></span> 
     </span>
     <span class='ocr_line' id='line_1_13' title="bbox 203 1615 1299 1693; baseline 0.001 -18"><span class='ocrx_word' id='word_1_99' title='bbox 203 1617 339 1677; x_wconf 88' lang='lat' dir='ltr'><strong>Testibus</strong></span> <span class='ocrx_word' id='word_1_100' title='bbox 361 1616 474 1693; x_wconf 77' lang='lat' dir='ltr'><strong>Rogero</strong></span> <span class='ocrx_word' id='word_1_101' title='bbox 503 1617 631 1691; x_wconf 86' lang='lat' dir='ltr'><strong>Decsno,</strong></span> <span class='ocrx_word' id='word_1_102' title='bbox 670 1615 804 1676; x_wconf 80' lang='lat' dir='ltr'><strong>Gelirido</strong></span> <span class='ocrx_word' id='word_1_103' title='bbox 832 1616 1010 1688; x_wconf 84' lang='lat' dir='ltr'><strong>Preccntore,</strong></span> <span class='ocrx_word' id='word_1_104' title='bbox 1043 1615 1078 1675; x_wconf 76' lang='lat' dir='ltr'><strong>G.</strong></span> <span class='ocrx_word' id='word_1_105' title='bbox 1102 1616 1299 1692; x_wconf 77' lang='lat' dir='ltr'><strong>Thesrnrrrin,</strong></span> 
     </span>
     <span class='ocr_line' id='line_1_14' title="bbox 203 1694 1304 1773; baseline 0.001 -16"><span class='ocrx_word' id='word_1_106' title='bbox 203 1697 329 1757; x_wconf 78' lang='lat' dir='ltr'><strong>Ricardo</strong></span> <span class='ocrx_word' id='word_1_107' title='bbox 343 1697 530 1772; x_wconf 79' lang='lat' dir='ltr'><strong>Cancellerio,</strong></span> <span class='ocrx_word' id='word_1_108' title='bbox 543 1697 673 1757; x_wconf 75' lang='lat' dir='ltr'><strong>lieberto</strong></span> <span class='ocrx_word' id='word_1_109' title='bbox 685 1696 717 1756; x_wconf 84' lang='lat' dir='ltr'>N</span> <span class='ocrx_word' id='word_1_110' title='bbox 718 1696 908 1773; x_wconf 85' lang='lat' dir='ltr'><strong>orhempton’‚</strong></span> <span class='ocrx_word' id='word_1_111' title='bbox 927 1695 962 1756; x_wconf 77' lang='lat' dir='ltr'><strong>B.</strong></span> <span class='ocrx_word' id='word_1_112' title='bbox 978 1694 1078 1771; x_wconf 88' lang='lat' dir='ltr'><strong>Leiro&#39;,</strong></span> <span class='ocrx_word' id='word_1_113' title='bbox 1094 1696 1129 1757; x_wconf 85' lang='lat' dir='ltr'><strong>R.</strong></span> <span class='ocrx_word' id='word_1_114' title='bbox 1147 1698 1252 1773; x_wconf 86' lang='lat' dir='ltr'><strong>Hunt&#39;,</strong></span> <span class='ocrx_word' id='word_1_115' title='bbox 1274 1699 1304 1758; x_wconf 84' lang='lat' dir='ltr'><strong>J.</strong></span> 
     </span>
     <span class='ocr_line' id='line_1_15' title="bbox 205 1775 1304 1854; baseline 0 -16"><span class='ocrx_word' id='word_1_116' title='bbox 205 1778 309 1854; x_wconf 85' lang='lat' dir='ltr'><strong>Oxon&#39;‚</strong></span> <span class='ocrx_word' id='word_1_117' title='bbox 318 1778 347 1838; x_wconf 83' lang='lat' dir='ltr'><strong>J·</strong></span> <span class='ocrx_word' id='word_1_118' title='bbox 360 1777 523 1851; x_wconf 81' lang='lat' dir='ltr'><strong>Bedeford&#39;,</strong></span> <span class='ocrx_word' id='word_1_119' title='bbox 533 1782 564 1837; x_wconf 91' lang='lat' dir='ltr'><strong>et</strong></span> <span class='ocrx_word' id='word_1_120' title='bbox 575 1777 615 1838; x_wconf 89' lang='grc' dir='ltr'><strong>Η.</strong></span> <span class='ocrx_word' id='word_1_121' title='bbox 628 1778 726 1838; x_wconf 80' lang='lat' dir='ltr'><strong>Stowe</strong></span> <span class='ocrx_word' id='word_1_122' title='bbox 738 1777 955 1849; x_wconf 72' lang='lat' dir='ltr'><strong>archidiaconis,</strong></span> <span class='ocrx_word' id='word_1_123' title='bbox 970 1775 1000 1837; x_wconf 81' lang='lat' dir='ltr'><strong>J.</strong></span> <span class='ocrx_word' id='word_1_124' title='bbox 1016 1776 1197 1852; x_wconf 78' lang='lat' dir='ltr'><strong>Subdoosm,</strong></span> <span class='ocrx_word' id='word_1_125' title='bbox 1211 1780 1250 1839; x_wconf 90' lang='lat' dir='ltr'><strong>H.</strong></span> <span class='ocrx_word' id='word_1_126' title='bbox 1266 1778 1304 1838; x_wconf 90' lang='lat' dir='ltr'><strong>de</strong></span> 
     </span>
     <span class='ocr_line' id='line_1_16' title="bbox 204 1856 1304 1936; baseline 0.001 -17"><span class='ocrx_word' id='word_1_127' title='bbox 204 1860 419 1936; x_wconf 84' lang='lat' dir='ltr'><strong>Bessingebnrn</strong></span> <span class='ocrx_word' id='word_1_128' title='bbox 437 1859 637 1919; x_wconf 78' lang='lat' dir='ltr'><strong>orchidieeono</strong></span> <span class='ocrx_word' id='word_1_129' title='bbox 651 1859 722 1931; x_wconf 76' lang='lat' dir='ltr'><strong>Scr&#39;,</strong></span> <span class='ocrx_word' id='word_1_130' title='bbox 736 1864 766 1917; x_wconf 91' lang='lat' dir='ltr'><strong>et</strong></span> <span class='ocrx_word' id='word_1_131' title='bbox 786 1858 826 1918; x_wconf 92' lang='lat' dir='ltr'><strong>H.</strong></span> <span class='ocrx_word' id='word_1_132' title='bbox 842 1858 878 1917; x_wconf 87' lang='lat' dir='ltr'><strong>do</strong></span> <span class='ocrx_word' id='word_1_133' title='bbox 892 1856 978 1917; x_wconf 91' lang='lat' dir='ltr'><strong>Well’</strong></span> <span class='ocrx_word' id='word_1_134' title='bbox 993 1858 1194 1919; x_wconf 77' lang='lat' dir='ltr'><strong>archidiacono</strong></span> <span class='ocrx_word' id='word_1_135' title='bbox 1208 1859 1304 1933; x_wconf 75' lang='lat' dir='ltr'><strong>Beth:</strong></span> 
     </span>
     <span class='ocr_line' id='line_1_17' title="bbox 204 1936 1304 2016; baseline 0 -17"><span class='ocrx_word' id='word_1_136' title='bbox 204 1940 353 2016; x_wconf 73' lang='lat' dir='ltr'><strong>Magistris</strong></span> <span class='ocrx_word' id='word_1_137' title='bbox 373 1939 421 2000; x_wconf 88' lang='lat' dir='ltr'><strong>W.</strong></span> <span class='ocrx_word' id='word_1_138' title='bbox 443 1940 483 1999; x_wconf 87' lang='lat' dir='ltr'><strong>fil&#39;</strong></span> <span class='ocrx_word' id='word_1_139' title='bbox 504 1940 642 1999; x_wconf 87' lang='lat' dir='ltr'><strong>Fulconis</strong></span> <span class='ocrx_word' id='word_1_140' title='bbox 661 1945 692 1999; x_wconf 91' lang='lat' dir='ltr'><strong>et</strong></span> <span class='ocrx_word' id='word_1_141' title='bbox 712 1939 747 1999; x_wconf 83' lang='lat' dir='ltr'><strong>G.</strong></span> <span class='ocrx_word' id='word_1_142' title='bbox 770 1938 807 1998; x_wconf 93' lang='lat' dir='ltr'><strong>de</strong></span> <span class='ocrx_word' id='word_1_143' title='bbox 827 1936 1024 2015; x_wconf 78' lang='lat' dir='ltr'><strong>Scerdebnrg’,</strong></span> <span class='ocrx_word' id='word_1_144' title='bbox 1039 1938 1074 1999; x_wconf 77' lang='lat' dir='ltr'><strong>B.</strong></span> <span class='ocrx_word' id='word_1_145' title='bbox 1090 1940 1127 1999; x_wconf 89' lang='lat' dir='ltr'><strong>de</strong></span> <span class='ocrx_word' id='word_1_146' title='bbox 1147 1940 1304 2013; x_wconf 85' lang='lat' dir='ltr'><strong>Lindwud,</strong></span> 
     </span>
     <span class='ocr_line' id='line_1_18' title="bbox 204 2018 1304 2097; baseline 0.001 -17"><span class='ocrx_word' id='word_1_147' title='bbox 204 2020 253 2080; x_wconf 90' lang='lat' dir='ltr'><strong>W.</strong></span> <span class='ocrx_word' id='word_1_148' title='bbox 269 2020 395 2095; x_wconf 89' lang='lat' dir='ltr'><strong>Blundo‚</strong></span> <span class='ocrx_word' id='word_1_149' title='bbox 410 2020 445 2080; x_wconf 84' lang='lat' dir='ltr'><strong>R.</strong></span> <span class='ocrx_word' id='word_1_150' title='bbox 462 2020 499 2080; x_wconf 89' lang='lat' dir='ltr'><strong>de</strong></span> <span class='ocrx_word' id='word_1_151' title='bbox 518 2021 656 2094; x_wconf 87' lang='lat' dir='ltr'><strong>Bristoll&#39;,</strong></span> <span class='ocrx_word' id='word_1_152' title='bbox 670 2020 819 2097; x_wconf 72' lang='lat' dir='ltr'><strong>magistris</strong></span> <span class='ocrx_word' id='word_1_153' title='bbox 832 2019 867 2080; x_wconf 86' lang='lat' dir='ltr'><strong>R.</strong></span> <span class='ocrx_word' id='word_1_154' title='bbox 884 2018 921 2079; x_wconf 94' lang='lat' dir='ltr'><strong>de</strong></span> <span class='ocrx_word' id='word_1_155' title='bbox 941 2019 1066 2092; x_wconf 81' lang='lat' dir='ltr'><strong>Greuel&#39;,</strong></span> <span class='ocrx_word' id='word_1_156' title='bbox 1080 2026 1111 2079; x_wconf 89' lang='lat' dir='ltr'><strong>et</strong></span> <span class='ocrx_word' id='word_1_157' title='bbox 1131 2020 1161 2083; x_wconf 80' lang='lat' dir='ltr'><strong>S.</strong></span> <span class='ocrx_word' id='word_1_158' title='bbox 1177 2021 1213 2080; x_wconf 89' lang='lat' dir='ltr'><strong>de</strong></span> <span class='ocrx_word' id='word_1_159' title='bbox 1234 2021 1304 2097; x_wconf 70' lang='lat' dir='ltr'><strong>cio,</strong></span> 
     </span>
     <span class='ocr_line' id='line_1_19' title="bbox 205 2099 1306 2179; baseline 0.001 -19"><span class='ocrx_word' id='word_1_160' title='bbox 205 2101 241 2161; x_wconf 84' lang='lat' dir='ltr'><strong>R.</strong></span> <span class='ocrx_word' id='word_1_161' title='bbox 257 2101 295 2160; x_wconf 89' lang='lat' dir='ltr'><strong>de</strong></span> <span class='ocrx_word' id='word_1_162' title='bbox 307 2100 545 2179; x_wconf 82' lang='lat' dir='ltr'><strong>Wessingeburn&#39;</strong></span> <span class='ocrx_word' id='word_1_163' title='bbox 560 2101 724 2178; x_wconf 88' lang='lat' dir='ltr'><strong>cepellsnis,</strong></span> <span class='ocrx_word' id='word_1_164' title='bbox 738 2101 880 2177; x_wconf 75' lang='lat' dir='ltr'><strong>Magistro</strong></span> <span class='ocrx_word' id='word_1_165' title='bbox 894 2100 931 2160; x_wconf 88' lang='lat' dir='ltr'><strong>A.</strong></span> <span class='ocrx_word' id='word_1_166' title='bbox 947 2099 983 2159; x_wconf 91' lang='lat' dir='ltr'><strong>de</strong></span> <span class='ocrx_word' id='word_1_167' title='bbox 998 2100 1028 2161; x_wconf 80' lang='lat' dir='ltr'><strong>S.</strong></span> <span class='ocrx_word' id='word_1_168' title='bbox 1044 2101 1210 2175; x_wconf 87' lang='lat' dir='ltr'><strong>Edmnndo,</strong></span> <span class='ocrx_word' id='word_1_169' title='bbox 1221 2102 1255 2163; x_wconf 91' lang='lat' dir='ltr'><strong>P.</strong></span> <span class='ocrx_word' id='word_1_170' title='bbox 1269 2102 1306 2161; x_wconf 88' lang='lat' dir='ltr'><strong>de</strong></span> 
     </span>
     <span class='ocr_line' id='line_1_20' title="bbox 205 2181 1305 2260; baseline 0 -17"><span class='ocrx_word' id='word_1_171' title='bbox 205 2181 314 2259; x_wconf 80' lang='lat' dir='ltr'><strong>Hung’.</strong></span> <span class='ocrx_word' id='word_1_172' title='bbox 325 2182 466 2260; x_wconf 77' lang='lat' dir='ltr'><strong>Magistro</strong></span> <span class='ocrx_word' id='word_1_173' title='bbox 477 2181 524 2242; x_wconf 91' lang='lat' dir='ltr'><strong>W.</strong></span> <span class='ocrx_word' id='word_1_174' title='bbox 537 2182 574 2242; x_wconf 93' lang='lat' dir='ltr'><strong>de</strong></span> <span class='ocrx_word' id='word_1_175' title='bbox 585 2182 681 2256; x_wconf 87' lang='lat' dir='ltr'><strong>Well’,</strong></span> <span class='ocrx_word' id='word_1_176' title='bbox 692 2182 727 2241; x_wconf 82' lang='lat' dir='ltr'><strong>R.</strong></span> <span class='ocrx_word' id='word_1_177' title='bbox 740 2181 776 2241; x_wconf 90' lang='lat' dir='ltr'><strong>de</strong></span> <span class='ocrx_word' id='word_1_178' title='bbox 787 2181 904 2254; x_wconf 86' lang='lat' dir='ltr'><strong>Bohnu‚</strong></span> <span class='ocrx_word' id='word_1_179' title='bbox 915 2185 944 2240; x_wconf 90' lang='lat' dir='ltr'><strong>et</strong></span> <span class='ocrx_word' id='word_1_180' title='bbox 955 2181 1043 2241; x_wconf 89' lang='lat' dir='ltr'><strong>Petro</strong></span> <span class='ocrx_word' id='word_1_181' title='bbox 1055 2181 1091 2241; x_wconf 88' lang='lat' dir='ltr'><strong>de</strong></span> <span class='ocrx_word' id='word_1_182' title='bbox 1102 2182 1305 2244; x_wconf 85' lang='lat' dir='ltr'><strong>Cheuremont’</strong></span> 
     </span>
     <span class='ocr_line' id='line_1_21' title="bbox 206 2260 1306 2341; baseline 0 -18"><span class='ocrx_word' id='word_1_183' title='bbox 206 2263 351 2323; x_wconf 84' lang='lat' dir='ltr'><strong>cononicis</strong></span> <span class='ocrx_word' id='word_1_184' title='bbox 370 2264 463 2338; x_wconf 85' lang='lat' dir='ltr'><strong>Linc’,</strong></span> <span class='ocrx_word' id='word_1_185' title='bbox 483 2267 513 2323; x_wconf 89' lang='lat' dir='ltr'><strong>et</strong></span> <span class='ocrx_word' id='word_1_186' title='bbox 534 2263 652 2324; x_wconf 82' lang='lat' dir='ltr'><strong>Olirero</strong></span> <span class='ocrx_word' id='word_1_187' title='bbox 679 2262 716 2322; x_wconf 87' lang='lat' dir='ltr'><strong>de</strong></span> <span class='ocrx_word' id='word_1_188' title='bbox 736 2260 850 2324; x_wconf 83' lang='lat' dir='ltr'><strong>Ohedn&#39;</strong></span> <span class='ocrx_word' id='word_1_189' title='bbox 870 2262 979 2322; x_wconf 85' lang='lat' dir='ltr'><strong>clerico.</strong></span> <span class='ocrx_word' id='word_1_190' title='bbox 1022 2261 1093 2323; x_wconf 86' lang='lat' dir='ltr'><strong>Dst&#39;</strong></span> <span class='ocrx_word' id='word_1_191' title='bbox 1112 2283 1164 2341; x_wconf 84' lang='lat' dir='ltr'><strong>por</strong></span> <span class='ocrx_word' id='word_1_192' title='bbox 1187 2283 1306 2325; x_wconf 82' lang='lat' dir='ltr'><strong>menum</strong></span> 
     </span>
     <span class='ocr_line' id='line_1_22' title="bbox 205 2341 1306 2421; baseline 0.001 -18"><span class='ocrx_word' id='word_1_193' title='bbox 205 2344 316 2404; x_wconf 87' lang='lat' dir='ltr'><strong>Thome</strong></span> <span class='ocrx_word' id='word_1_194' title='bbox 336 2345 373 2404; x_wconf 92' lang='lat' dir='ltr'><strong>de</strong></span> <span class='ocrx_word' id='word_1_195' title='bbox 395 2342 560 2404; x_wconf 79' lang='lat' dir='ltr'><strong>Fickerton’</strong></span> <span class='ocrx_word' id='word_1_196' title='bbox 582 2343 725 2421; x_wconf 77' lang='lat' dir='ltr'><strong>capellani</strong></span> <span class='ocrx_word' id='word_1_197' title='bbox 748 2343 881 2404; x_wconf 85' lang='lat' dir='ltr'><strong>cononici</strong></span> <span class='ocrx_word' id='word_1_198' title='bbox 905 2341 988 2402; x_wconf 85' lang='lat' dir='ltr'><strong>Linc&#39;</strong></span> <span class='ocrx_word' id='word_1_199' title='bbox 1011 2344 1045 2402; x_wconf 90' lang='lat' dir='ltr'><strong>in</strong></span> <span class='ocrx_word' id='word_1_200' title='bbox 1065 2344 1203 2421; x_wconf 79' lang='lat' dir='ltr'><strong>capitulo</strong></span> <span class='ocrx_word' id='word_1_201' title='bbox 1223 2344 1306 2405; x_wconf 87' lang='lat' dir='ltr'><strong>Lino’</strong></span> 
     </span>
     <span class='ocr_line' id='line_1_23' title="bbox 206 2423 1155 2503; baseline 0.002 -18"><span class='ocrx_word' id='word_1_202' title='bbox 206 2426 285 2503; x_wconf 80' lang='lat' dir='ltr'><strong>opud</strong></span> <span class='ocrx_word' id='word_1_203' title='bbox 298 2423 380 2486; x_wconf 86' lang='lat' dir='ltr'><strong>Linc&#39;</strong></span> <span class='ocrx_word' id='word_1_204' title='bbox 393 2425 471 2503; x_wconf 83' lang='lat' dir='ltr'><strong>xvij⁰</strong></span> <span class='ocrx_word' id='word_1_205' title='bbox 482 2425 541 2485; x_wconf 85' lang='lat' dir='ltr'><strong>knl.</strong></span> <span class='ocrx_word' id='word_1_206' title='bbox 556 2425 689 2502; x_wconf 74' lang='lat' dir='ltr'><strong>Jrnusrij</strong></span> <span class='ocrx_word' id='word_1_207' title='bbox 703 2425 890 2503; x_wconf 78' lang='lat' dir='ltr'><strong>pontificatus</strong></span> <span class='ocrx_word' id='word_1_208' title='bbox 903 2424 996 2484; x_wconf 77' lang='lat' dir='ltr'>nostri</span> <span class='ocrx_word' id='word_1_209' title='bbox 1009 2443 1085 2485; x_wconf 79' lang='lat' dir='ltr'><strong>enno</strong></span> <span class='ocrx_word' id='word_1_210' title='bbox 1100 2426 1155 2502; x_wconf 80' lang='lat' dir='ltr'><strong>xj0.</strong></span> 
     </span>
    </p>
   </div>
   <div class='ocr_carea' id='block_1_3' title="bbox 677 2583 838 2707">
    <p class='ocr_par' dir='ltr' id='par_1_3' title="bbox 677 2583 838 2707">
     <span class='ocr_line' id='line_1_24' title="bbox 677 2583 838 2707; baseline 0 -62"><span class='ocrx_word' id='word_1_211' title='bbox 677 2584 741 2669; x_wconf 74' lang='lat' dir='ltr'><strong>[ro.</strong></span> <span class='ocrx_word' id='word_1_212' title='bbox 759 2583 838 2707; x_wconf 61' lang='lat' dir='ltr'><strong>seq,</strong></span> 
     </span>
    </p>
   </div>
   <div class='ocr_carea' id='block_1_4' title="bbox 206 2692 1310 4311">
    <p class='ocr_par' dir='ltr' id='par_1_4' title="bbox 267 2692 823 2761">
     <span class='ocr_line' id='line_1_25' title="bbox 267 2692 823 2761; baseline 0 -8"><span class='ocrx_word' id='word_1_213' title='bbox 267 2705 413 2761; x_wconf 66' lang='grc' dir='ltr'>ετΑΝῬ·</span> <span class='ocrx_word' id='word_1_214' title='bbox 426 2710 491 2753; x_wconf 81' lang='lat' dir='ltr'><strong>cum</strong></span> <span class='ocrx_word' id='word_1_215' title='bbox 504 2692 689 2753; x_wconf 66' lang='lat' dir='ltr'><strong>odinatione</strong></span> <span class='ocrx_word' id='word_1_216' title='bbox 704 2692 823 2753; x_wconf 65' lang='lat' dir='ltr'><strong>necne</strong></span> 
     </span>
    </p>

    <p class='ocr_par' dir='ltr' id='par_1_5' title="bbox 206 2772 1310 4311">
     <span class='ocr_line' id='line_1_26' title="bbox 267 2772 1307 2852; baseline 0 -19"><span class='ocrx_word' id='word_1_217' title='bbox 267 2773 411 2833; x_wconf 78' lang='lat' dir='ltr'>Omnibus</span> <span class='ocrx_word' id='word_1_218' title='bbox 426 2774 472 2834; x_wconf 76' lang='lat' dir='ltr'><strong>do.</strong></span> <span class='ocrx_word' id='word_1_219' title='bbox 513 2774 639 2834; x_wconf 77' lang='lat' dir='ltr'>Noverit</span> <span class='ocrx_word' id='word_1_220' title='bbox 653 2774 828 2833; x_wconf 73' lang='lat' dir='ltr'><strong>universitas</strong></span> <span class='ocrx_word' id='word_1_221' title='bbox 841 2775 937 2833; x_wconf 86' lang='lat' dir='ltr'><strong>vestm</strong></span> <span class='ocrx_word' id='word_1_222' title='bbox 950 2790 1004 2831; x_wconf 86' lang='lat' dir='ltr'><strong>nos</strong></span> <span class='ocrx_word' id='word_1_223' title='bbox 1019 2772 1056 2831; x_wconf 92' lang='lat' dir='ltr'><strong>de</strong></span> <span class='ocrx_word' id='word_1_224' title='bbox 1069 2790 1187 2833; x_wconf 76' lang='lat' dir='ltr'><strong>assensu</strong></span> <span class='ocrx_word' id='word_1_225' title='bbox 1201 2772 1307 2852; x_wconf 79' lang='lat' dir='ltr'><strong>Rogeri</strong></span> 
     </span>
     <span class='ocr_line' id='line_1_27' title="bbox 207 2853 1307 2932; baseline 0 -18"><span class='ocrx_word' id='word_1_226' title='bbox 207 2854 319 2914; x_wconf 80' lang='lat' dir='ltr'><strong>Decsni</strong></span> <span class='ocrx_word' id='word_1_227' title='bbox 342 2858 372 2913; x_wconf 92' lang='lat' dir='ltr'><strong>et</strong></span> <span class='ocrx_word' id='word_1_228' title='bbox 396 2855 528 2932; x_wconf 75' lang='lat' dir='ltr'><strong>Capituli</strong></span> <span class='ocrx_word' id='word_1_229' title='bbox 550 2855 643 2914; x_wconf 78' lang='lat' dir='ltr'><strong>nostri</strong></span> <span class='ocrx_word' id='word_1_230' title='bbox 665 2854 747 2913; x_wconf 87' lang='lat' dir='ltr'><strong>Linc&#39;</strong></span> <span class='ocrx_word' id='word_1_231' title='bbox 761 2854 863 2913; x_wconf 84' lang='lat' dir='ltr'><strong>divine</strong></span> <span class='ocrx_word' id='word_1_232' title='bbox 882 2853 999 2931; x_wconf 76' lang='lat' dir='ltr'><strong>pietatis</strong></span> <span class='ocrx_word' id='word_1_233' title='bbox 1018 2853 1129 2913; x_wconf 89' lang='lat' dir='ltr'><strong>intuitu</strong></span> <span class='ocrx_word' id='word_1_234' title='bbox 1143 2854 1256 2913; x_wconf 76' lang='lat' dir='ltr'><strong>dedisse</strong></span> <span class='ocrx_word' id='word_1_235' title='bbox 1277 2860 1307 2915; x_wconf 91' lang='lat' dir='ltr'><strong>et</strong></span> 
     </span>
     <span class='ocr_line' id='line_1_28' title="bbox 206 2934 1307 2996; baseline 0 -1"><span class='ocrx_word' id='word_1_236' title='bbox 206 2934 379 2995; x_wconf 87' lang='lat' dir='ltr'><strong>concessisse</strong></span> <span class='ocrx_word' id='word_1_237' title='bbox 403 2935 519 2996; x_wconf 89' lang='lat' dir='ltr'><strong>dilectis</strong></span> <span class='ocrx_word' id='word_1_238' title='bbox 537 2936 571 2995; x_wconf 93' lang='lat' dir='ltr'><strong>in</strong></span> <span class='ocrx_word' id='word_1_239' title='bbox 591 2935 708 2996; x_wconf 86' lang='lat' dir='ltr'><strong>Christo</strong></span> <span class='ocrx_word' id='word_1_240' title='bbox 728 2935 846 2994; x_wconf 79' lang='lat' dir='ltr'><strong>filiabus</strong></span> <span class='ocrx_word' id='word_1_241' title='bbox 865 2934 1006 2994; x_wconf 88' lang='lat' dir='ltr'><strong>Priorisse</strong></span> <span class='ocrx_word' id='word_1_242' title='bbox 1025 2939 1055 2994; x_wconf 89' lang='lat' dir='ltr'><strong>et</strong></span> <span class='ocrx_word' id='word_1_243' title='bbox 1074 2935 1250 2995; x_wconf 72' lang='lat' dir='ltr'><strong>monialibus</strong></span> <span class='ocrx_word' id='word_1_244' title='bbox 1270 2936 1307 2995; x_wconf 87' lang='lat' dir='ltr'><strong>de</strong></span> 
     </span>
     <span class='ocr_line' id='line_1_29' title="bbox 207 3015 1307 3093; baseline -0.002 -16"><span class='ocrx_word' id='word_1_245' title='bbox 207 3015 325 3093; x_wconf 80' lang='lat' dir='ltr'><strong>Garing&#39;</strong></span> <span class='ocrx_word' id='word_1_246' title='bbox 351 3016 499 3077; x_wconf 79' lang='lat' dir='ltr'><strong>ecclesium</strong></span> <span class='ocrx_word' id='word_1_247' title='bbox 526 3016 564 3076; x_wconf 89' lang='lat' dir='ltr'><strong>de</strong></span> <span class='ocrx_word' id='word_1_248' title='bbox 590 3016 686 3077; x_wconf 80' lang='lat' dir='ltr'><strong>Stunt&#39;</strong></span> <span class='ocrx_word' id='word_1_249' title='bbox 713 3035 782 3076; x_wconf 90' lang='lat' dir='ltr'><strong>cum</strong></span> <span class='ocrx_word' id='word_1_250' title='bbox 809 3016 943 3075; x_wconf 90' lang='lat' dir='ltr'><strong>omnibus</strong></span> <span class='ocrx_word' id='word_1_251' title='bbox 970 3015 1156 3093; x_wconf 77' lang='lat' dir='ltr'><strong>pertinenciis</strong></span> <span class='ocrx_word' id='word_1_252' title='bbox 1186 3016 1247 3075; x_wconf 88' lang='lat' dir='ltr'><strong>suis</strong></span> <span class='ocrx_word' id='word_1_253' title='bbox 1273 3018 1307 3075; x_wconf 90' lang='lat' dir='ltr'><strong>in</strong></span> 
     </span>
     <span class='ocr_line' id='line_1_30' title="bbox 207 3094 1309 3175; baseline 0.002 -19"><span class='ocrx_word' id='word_1_254' title='bbox 207 3098 339 3175; x_wconf 84' lang='lat' dir='ltr'><strong>proprios</strong></span> <span class='ocrx_word' id='word_1_255' title='bbox 370 3116 442 3157; x_wconf 86' lang='lat' dir='ltr'><strong>usus</strong></span> <span class='ocrx_word' id='word_1_256' title='bbox 469 3096 634 3158; x_wconf 85' lang='lat' dir='ltr'><strong>hsbsndcrn</strong></span> <span class='ocrx_word' id='word_1_257' title='bbox 662 3101 692 3157; x_wconf 91' lang='lat' dir='ltr'><strong>et</strong></span> <span class='ocrx_word' id='word_1_258' title='bbox 721 3097 937 3173; x_wconf 74' lang='lat' dir='ltr'><strong>imperpetuum</strong></span> <span class='ocrx_word' id='word_1_259' title='bbox 964 3094 1177 3173; x_wconf 77' lang='lat' dir='ltr'><strong>possidendam.</strong></span> <span class='ocrx_word' id='word_1_260' title='bbox 1220 3096 1309 3158; x_wconf 74' lang='lat' dir='ltr'><strong>salve</strong></span> 
     </span>
     <span class='ocr_line' id='line_1_31' title="bbox 206 3178 1304 3257; baseline -0.001 -19"><span class='ocrx_word' id='word_1_261' title='bbox 206 3182 346 3257; x_wconf 82' lang='lat' dir='ltr'><strong>perpetus</strong></span> <span class='ocrx_word' id='word_1_262' title='bbox 365 3178 471 3238; x_wconf 81' lang='lat' dir='ltr'><strong>viceris</strong></span> <span class='ocrx_word' id='word_1_263' title='bbox 489 3198 578 3256; x_wconf 84' lang='lat' dir='ltr'><strong>quem</strong></span> <span class='ocrx_word' id='word_1_264' title='bbox 597 3179 767 3238; x_wconf 74' lang='lat' dir='ltr'><strong>auctoritato</strong></span> <span class='ocrx_word' id='word_1_265' title='bbox 788 3178 905 3237; x_wconf 84' lang='lat' dir='ltr'><strong>concilii</strong></span> <span class='ocrx_word' id='word_1_266' title='bbox 924 3178 1122 3237; x_wconf 80' lang='lat' dir='ltr'><strong>ordinavimus</strong></span> <span class='ocrx_word' id='word_1_267' title='bbox 1143 3178 1175 3236; x_wconf 89' lang='lat' dir='ltr'><strong>in</strong></span> <span class='ocrx_word' id='word_1_268' title='bbox 1196 3178 1304 3237; x_wconf 82' lang='lat' dir='ltr'><strong>eodem</strong></span> 
     </span>
     <span class='ocr_line' id='line_1_32' title="bbox 207 3256 1307 3335; baseline 0.001 -17"><span class='ocrx_word' id='word_1_269' title='bbox 207 3258 273 3334; x_wconf 79' lang='lat' dir='ltr'><strong>Que</strong></span> <span class='ocrx_word' id='word_1_270' title='bbox 285 3259 392 3319; x_wconf 79' lang='lat' dir='ltr'><strong>vicarie</strong></span> <span class='ocrx_word' id='word_1_271' title='bbox 405 3260 538 3319; x_wconf 82' lang='lat' dir='ltr'><strong>consistit</strong></span> <span class='ocrx_word' id='word_1_272' title='bbox 550 3260 583 3319; x_wconf 93' lang='lat' dir='ltr'><strong>in</strong></span> <span class='ocrx_word' id='word_1_273' title='bbox 600 3265 662 3319; x_wconf 91' lang='lat' dir='ltr'><strong>toto</strong></span> <span class='ocrx_word' id='word_1_274' title='bbox 682 3258 821 3335; x_wconf 80' lang='lat' dir='ltr'><strong>clteregio</strong></span> <span class='ocrx_word' id='word_1_275' title='bbox 840 3258 971 3335; x_wconf 85' lang='lat' dir='ltr'><strong>ejusdem</strong></span> <span class='ocrx_word' id='word_1_276' title='bbox 990 3256 1108 3317; x_wconf 86' lang='lat' dir='ltr'><strong>ecclesie</strong></span> <span class='ocrx_word' id='word_1_277' title='bbox 1127 3277 1193 3318; x_wconf 89' lang='lat' dir='ltr'><strong>cum</strong></span> <span class='ocrx_word' id='word_1_278' title='bbox 1206 3278 1307 3319; x_wconf 84' lang='lat' dir='ltr'><strong>menso</strong></span> 
     </span>
     <span class='ocr_line' id='line_1_33' title="bbox 206 3339 1304 3417; baseline 0 -18"><span class='ocrx_word' id='word_1_279' title='bbox 206 3340 382 3417; x_wconf 74' lang='lat' dir='ltr'><strong>competenti</strong></span> <span class='ocrx_word' id='word_1_280' title='bbox 405 3346 435 3399; x_wconf 90' lang='lat' dir='ltr'><strong>et</strong></span> <span class='ocrx_word' id='word_1_281' title='bbox 458 3341 491 3399; x_wconf 92' lang='lat' dir='ltr'><strong>in</strong></span> <span class='ocrx_word' id='word_1_282' title='bbox 514 3340 629 3400; x_wconf 84' lang='lat' dir='ltr'><strong>dusbus</strong></span> <span class='ocrx_word' id='word_1_283' title='bbox 650 3340 772 3417; x_wconf 72' lang='lat' dir='ltr'><strong>virgatis</strong></span> <span class='ocrx_word' id='word_1_284' title='bbox 794 3344 870 3399; x_wconf 85' lang='lat' dir='ltr'><strong>terre</strong></span> <span class='ocrx_word' id='word_1_285' title='bbox 889 3345 919 3399; x_wconf 89' lang='lat' dir='ltr'><strong>et</strong></span> <span class='ocrx_word' id='word_1_286' title='bbox 935 3358 1034 3398; x_wconf 88' lang='lat' dir='ltr'><strong>esrum</strong></span> <span class='ocrx_word' id='word_1_287' title='bbox 1046 3339 1304 3417; x_wconf 73' lang='lat' dir='ltr'><strong>pertinentiisque</strong></span> 
     </span>
     <span class='ocr_line' id='line_1_34' title="bbox 207 3419 1308 3498; baseline -0.001 -18"><span class='ocrx_word' id='word_1_288' title='bbox 207 3422 355 3498; x_wconf 87' lang='lat' dir='ltr'><strong>pertinent</strong></span> <span class='ocrx_word' id='word_1_289' title='bbox 367 3421 510 3498; x_wconf 76' lang='lat' dir='ltr'><strong>adipsum</strong></span> <span class='ocrx_word' id='word_1_290' title='bbox 525 3421 674 3482; x_wconf 75' lang='lat' dir='ltr'><strong>ecclesiam</strong></span> <span class='ocrx_word' id='word_1_291' title='bbox 687 3426 717 3480; x_wconf 92' lang='lat' dir='ltr'><strong>et</strong></span> <span class='ocrx_word' id='word_1_292' title='bbox 730 3421 768 3481; x_wconf 88' lang='lat' dir='ltr'><strong>in·</strong></span> <span class='ocrx_word' id='word_1_293' title='bbox 776 3419 897 3481; x_wconf 87' lang='lat' dir='ltr'><strong>decimis</strong></span> <span class='ocrx_word' id='word_1_294' title='bbox 910 3420 1033 3479; x_wconf 83' lang='lat' dir='ltr'><strong>duorum</strong></span> <span class='ocrx_word' id='word_1_295' title='bbox 1045 3420 1221 3497; x_wconf 78' lang='lat' dir='ltr'><strong>virgetsrurn</strong></span> <span class='ocrx_word' id='word_1_296' title='bbox 1234 3425 1308 3480; x_wconf 85' lang='lat' dir='ltr'><strong>terre</strong></span> 
     </span>
     <span class='ocr_line' id='line_1_35' title="bbox 208 3501 1305 3579; baseline -0.001 -17"><span class='ocrx_word' id='word_1_297' title='bbox 208 3521 280 3579; x_wconf 86' lang='lat' dir='ltr'><strong>quss</strong></span> <span class='ocrx_word' id='word_1_298' title='bbox 303 3501 447 3562; x_wconf 82' lang='lat' dir='ltr'><strong>Gerurdm</strong></span> <span class='ocrx_word' id='word_1_299' title='bbox 468 3503 565 3563; x_wconf 88' lang='lat' dir='ltr'><strong>tenuit</strong></span> <span class='ocrx_word' id='word_1_300' title='bbox 588 3507 619 3562; x_wconf 90' lang='lat' dir='ltr'><strong>et</strong></span> <span class='ocrx_word' id='word_1_301' title='bbox 641 3502 762 3561; x_wconf 78' lang='lat' dir='ltr'><strong>eliorum</strong></span> <span class='ocrx_word' id='word_1_302' title='bbox 790 3501 914 3561; x_wconf 81' lang='lat' dir='ltr'><strong>duarum</strong></span> <span class='ocrx_word' id='word_1_303' title='bbox 936 3501 1112 3577; x_wconf 80' lang='lat' dir='ltr'><strong>virgatamm</strong></span> <span class='ocrx_word' id='word_1_304' title='bbox 1132 3505 1207 3561; x_wconf 87' lang='lat' dir='ltr'><strong>terre</strong></span> <span class='ocrx_word' id='word_1_305' title='bbox 1233 3520 1305 3579; x_wconf 79' lang='lat' dir='ltr'><strong>ques</strong></span> 
     </span>
     <span class='ocr_line' id='line_1_36' title="bbox 208 3581 1308 3661; baseline -0.002 -18"><span class='ocrx_word' id='word_1_306' title='bbox 208 3582 352 3661; x_wconf 78' lang='lat' dir='ltr'><strong>Sampson</strong></span> <span class='ocrx_word' id='word_1_307' title='bbox 371 3589 402 3642; x_wconf 91' lang='lat' dir='ltr'><strong>et</strong></span> <span class='ocrx_word' id='word_1_308' title='bbox 421 3582 574 3644; x_wconf 88' lang='lat' dir='ltr'><strong>Rioherius</strong></span> <span class='ocrx_word' id='word_1_309' title='bbox 592 3586 756 3643; x_wconf 87' lang='lat' dir='ltr'><strong>tennerunt.</strong></span> <span class='ocrx_word' id='word_1_310' title='bbox 798 3582 934 3643; x_wconf 84' lang='lat' dir='ltr'><strong>Viosrius</strong></span> <span class='ocrx_word' id='word_1_311' title='bbox 960 3586 1058 3641; x_wconf 85' lang='lat' dir='ltr'><strong>eutem</strong></span> <span class='ocrx_word' id='word_1_312' title='bbox 1085 3581 1163 3642; x_wconf 84' lang='lat' dir='ltr'><strong>dicte</strong></span> <span class='ocrx_word' id='word_1_313' title='bbox 1190 3581 1308 3641; x_wconf 87' lang='lat' dir='ltr'><strong>ecclesie</strong></span> 
     </span>
     <span class='ocr_line' id='line_1_37' title="bbox 207 3662 1308 3743; baseline 0 -20"><span class='ocrx_word' id='word_1_314' title='bbox 207 3664 302 3724; x_wconf 85' lang='lat' dir='ltr'><strong>solvet</strong></span> <span class='ocrx_word' id='word_1_315' title='bbox 314 3664 466 3741; x_wconf 75' lang='lat' dir='ltr'><strong>synodalis</strong></span> <span class='ocrx_word' id='word_1_316' title='bbox 478 3669 510 3725; x_wconf 93' lang='lat' dir='ltr'><strong>et</strong></span> <span class='ocrx_word' id='word_1_317' title='bbox 521 3664 632 3743; x_wconf 83' lang='lat' dir='ltr'><strong>profete</strong></span> <span class='ocrx_word' id='word_1_318' title='bbox 642 3664 786 3723; x_wconf 83' lang='lat' dir='ltr'><strong>Monisles</strong></span> <span class='ocrx_word' id='word_1_319' title='bbox 795 3663 893 3722; x_wconf 83' lang='lat' dir='ltr'><strong>omnis</strong></span> <span class='ocrx_word' id='word_1_320' title='bbox 906 3662 963 3722; x_wconf 81' lang='lat' dir='ltr'><strong>slis</strong></span> <span class='ocrx_word' id='word_1_321' title='bbox 975 3682 1062 3722; x_wconf 84' lang='lat' dir='ltr'><strong>onere</strong></span> <span class='ocrx_word' id='word_1_322' title='bbox 1074 3662 1219 3722; x_wconf 74' lang='lat' dir='ltr'><strong>ordinaris</strong></span> <span class='ocrx_word' id='word_1_323' title='bbox 1227 3663 1308 3723; x_wconf 83' lang='lat' dir='ltr'><strong>illius</strong></span> 
     </span>
     <span class='ocr_line' id='line_1_38' title="bbox 209 3743 1309 3822; baseline -0.001 -18"><span class='ocrx_word' id='word_1_324' title='bbox 209 3745 326 3805; x_wconf 88' lang='lat' dir='ltr'><strong>ecclesie</strong></span> <span class='ocrx_word' id='word_1_325' title='bbox 339 3745 536 3806; x_wconf 84' lang='lat' dir='ltr'><strong>sustinebunt</strong></span> <span class='ocrx_word' id='word_1_326' title='bbox 578 3745 675 3806; x_wconf 71' lang='lat' dir='ltr'><strong>Sulcis</strong></span> <span class='ocrx_word' id='word_1_327' title='bbox 686 3745 720 3805; x_wconf 90' lang='lat' dir='ltr'><strong>in</strong></span> <span class='ocrx_word' id='word_1_328' title='bbox 733 3744 870 3806; x_wconf 91' lang='lat' dir='ltr'><strong>omnibus</strong></span> <span class='ocrx_word' id='word_1_329' title='bbox 880 3743 1089 3822; x_wconf 73' lang='lat' dir='ltr'><strong>episcopalibus</strong></span> <span class='ocrx_word' id='word_1_330' title='bbox 1098 3743 1309 3821; x_wconf 66' lang='lat' dir='ltr'><strong>episcopalibus</strong></span> 
     </span>
     <span class='ocr_line' id='line_1_39' title="bbox 208 3822 1307 3907; baseline -0.002 -22"><span class='ocrx_word' id='word_1_331' title='bbox 208 3822 275 3907; x_wconf 79' lang='lat' dir='ltr'><strong>[sio]</strong></span> <span class='ocrx_word' id='word_1_332' title='bbox 288 3826 548 3888; x_wconf 87' lang='lat' dir='ltr'><strong>consuetudinibus</strong></span> <span class='ocrx_word' id='word_1_333' title='bbox 562 3828 608 3886; x_wconf 76' lang='lat' dir='ltr'><strong>dc.</strong></span> <span class='ocrx_word' id='word_1_334' title='bbox 651 3826 738 3902; x_wconf 77' lang='lat' dir='ltr'><strong>Quod</strong></span> <span class='ocrx_word' id='word_1_335' title='bbox 750 3830 785 3885; x_wconf 92' lang='lat' dir='ltr'><strong>ut</strong></span> <span class='ocrx_word' id='word_1_336' title='bbox 802 3831 970 3903; x_wconf 77' lang='lat' dir='ltr'><strong>perpetuom</strong></span> <span class='ocrx_word' id='word_1_337' title='bbox 990 3825 1121 3902; x_wconf 76' lang='lat' dir='ltr'><strong>optineat</strong></span> <span class='ocrx_word' id='word_1_338' title='bbox 1140 3824 1307 3884; x_wconf 75' lang='lat' dir='ltr'><strong>firmitatem</strong></span> 
     </span>
     <span class='ocr_line' id='line_1_40' title="bbox 208 3905 1309 3985; baseline -0.004 -18"><span class='ocrx_word' id='word_1_339' title='bbox 208 3908 336 3984; x_wconf 83' lang='lat' dir='ltr'><strong>presenti</strong></span> <span class='ocrx_word' id='word_1_340' title='bbox 348 3908 455 3985; x_wconf 90' lang='lat' dir='ltr'><strong>scripto</strong></span> <span class='ocrx_word' id='word_1_341' title='bbox 479 3908 608 3985; x_wconf 80' lang='lat' dir='ltr'><strong>sigillum</strong></span> <span class='ocrx_word' id='word_1_342' title='bbox 630 3911 762 3967; x_wconf 84' lang='lat' dir='ltr'><strong>nostrum</strong></span> <span class='ocrx_word' id='word_1_343' title='bbox 774 3926 834 3965; x_wconf 85' lang='lat' dir='ltr'><strong>uns</strong></span> <span class='ocrx_word' id='word_1_344' title='bbox 848 3925 915 3965; x_wconf 90' lang='lat' dir='ltr'><strong>curn</strong></span> <span class='ocrx_word' id='word_1_345' title='bbox 927 3905 1023 3982; x_wconf 83' lang='lat' dir='ltr'><strong>sigillo</strong></span> <span class='ocrx_word' id='word_1_346' title='bbox 1036 3906 1159 3984; x_wconf 87' lang='lat' dir='ltr'><strong>predicti</strong></span> <span class='ocrx_word' id='word_1_347' title='bbox 1179 3905 1309 3982; x_wconf 80' lang='lat' dir='ltr'><strong>Capituli</strong></span> 
     </span>
     <span class='ocr_line' id='line_1_41' title="bbox 209 3986 1307 4065; baseline -0.002 -18"><span class='ocrx_word' id='word_1_348' title='bbox 209 3988 304 4047; x_wconf 90' lang='lat' dir='ltr'><strong>nostri</strong></span> <span class='ocrx_word' id='word_1_349' title='bbox 316 3988 399 4048; x_wconf 90' lang='lat' dir='ltr'><strong>Linc&#39;</strong></span> <span class='ocrx_word' id='word_1_350' title='bbox 413 3989 552 4048; x_wconf 84' lang='lat' dir='ltr'><strong>duximus</strong></span> <span class='ocrx_word' id='word_1_351' title='bbox 564 3988 778 4065; x_wconf 83' lang='lat' dir='ltr'><strong>opponendum.</strong></span> <span class='ocrx_word' id='word_1_352' title='bbox 820 3988 888 4047; x_wconf 91' lang='lat' dir='ltr'><strong>Hiis</strong></span> <span class='ocrx_word' id='word_1_353' title='bbox 901 3987 1036 4047; x_wconf 86' lang='lat' dir='ltr'><strong>Testibus</strong></span> <span class='ocrx_word' id='word_1_354' title='bbox 1048 3986 1160 4063; x_wconf 84' lang='lat' dir='ltr'><strong>Rogero</strong></span> <span class='ocrx_word' id='word_1_355' title='bbox 1180 3986 1307 4056; x_wconf 83' lang='lat' dir='ltr'><strong>Docano.</strong></span> 
     </span>
     <span class='ocr_line' id='line_1_42' title="bbox 209 4065 1308 4143; baseline -0.001 -15"><span class='ocrx_word' id='word_1_356' title='bbox 209 4067 258 4129; x_wconf 89' lang='lat' dir='ltr'><strong>W.</strong></span> <span class='ocrx_word' id='word_1_357' title='bbox 271 4068 472 4130; x_wconf 67' lang='lat' dir='ltr'><strong>archidiacono</strong></span> <span class='ocrx_word' id='word_1_358' title='bbox 483 4068 575 4143; x_wconf 85' lang='lat' dir='ltr'><strong>Linc’,</strong></span> <span class='ocrx_word' id='word_1_359' title='bbox 584 4070 620 4131; x_wconf 84' lang='lat' dir='ltr'><strong>G.</strong></span> <span class='ocrx_word' id='word_1_360' title='bbox 631 4069 812 4142; x_wconf 89' lang='lat' dir='ltr'><strong>Preccntore,</strong></span> <span class='ocrx_word' id='word_1_361' title='bbox 822 4068 947 4127; x_wconf 77' lang='lat' dir='ltr'><strong>Rimrdo</strong></span> <span class='ocrx_word' id='word_1_362' title='bbox 958 4066 1144 4141; x_wconf 84' lang='lat' dir='ltr'><strong>Csnoellsrio,</strong></span> <span class='ocrx_word' id='word_1_363' title='bbox 1155 4066 1192 4127; x_wconf 87' lang='lat' dir='ltr'><strong>R.</strong></span> <span class='ocrx_word' id='word_1_364' title='bbox 1204 4065 1308 4141; x_wconf 84' lang='lat' dir='ltr'><strong>Hunt&#39;,</strong></span> 
     </span>
     <span class='ocr_line' id='line_1_43' title="bbox 209 4146 1310 4227; baseline -0.002 -18"><span class='ocrx_word' id='word_1_365' title='bbox 209 4154 240 4209; x_wconf 90' lang='lat' dir='ltr'><strong>et</strong></span> <span class='ocrx_word' id='word_1_366' title='bbox 264 4150 305 4210; x_wconf 91' lang='lat' dir='ltr'><strong>H.</strong></span> <span class='ocrx_word' id='word_1_367' title='bbox 327 4151 424 4211; x_wconf 84' lang='lat' dir='ltr'><strong>Stowe</strong></span> <span class='ocrx_word' id='word_1_368' title='bbox 448 4150 665 4223; x_wconf 86' lang='lat' dir='ltr'><strong>mchidieconis,</strong></span> <span class='ocrx_word' id='word_1_369' title='bbox 688 4149 837 4227; x_wconf 79' lang='lat' dir='ltr'><strong>Msgistris</strong></span> <span class='ocrx_word' id='word_1_370' title='bbox 859 4147 908 4210; x_wconf 91' lang='lat' dir='ltr'><strong>W.</strong></span> <span class='ocrx_word' id='word_1_371' title='bbox 936 4148 976 4208; x_wconf 88' lang='lat' dir='ltr'><strong>fil’</strong></span> <span class='ocrx_word' id='word_1_372' title='bbox 997 4148 1135 4208; x_wconf 83' lang='lat' dir='ltr'><strong>Fnioonis</strong></span> <span class='ocrx_word' id='word_1_373' title='bbox 1156 4152 1192 4206; x_wconf 88' lang='lat' dir='ltr'><strong>et</strong></span> <span class='ocrx_word' id='word_1_374' title='bbox 1214 4146 1250 4207; x_wconf 80' lang='lat' dir='ltr'><strong>G.</strong></span> <span class='ocrx_word' id='word_1_375' title='bbox 1273 4148 1310 4207; x_wconf 90' lang='lat' dir='ltr'><strong>de</strong></span> 
     </span>
     <span class='ocr_line' id='line_1_44' title="bbox 209 4228 1310 4311; baseline -0.004 -19"><span class='ocrx_word' id='word_1_376' title='bbox 209 4230 410 4311; x_wconf 74' lang='lat' dir='ltr'><strong>Scsrdebnrg‘,</strong></span> <span class='ocrx_word' id='word_1_377' title='bbox 435 4232 498 4294; x_wconf 87' lang='lat' dir='ltr'><strong>Rio.</strong></span> <span class='ocrx_word' id='word_1_378' title='bbox 524 4230 562 4293; x_wconf 89' lang='lat' dir='ltr'><strong>de</strong></span> <span class='ocrx_word' id='word_1_379' title='bbox 584 4232 749 4305; x_wconf 77' lang='lat' dir='ltr'><strong>Iindwud&#39;,</strong></span> <span class='ocrx_word' id='word_1_380' title='bbox 774 4230 823 4291; x_wconf 89' lang='lat' dir='ltr'><strong>W.</strong></span> <span class='ocrx_word' id='word_1_381' title='bbox 838 4229 965 4305; x_wconf 74' lang='lat' dir='ltr'><strong>Blando,</strong></span> <span class='ocrx_word' id='word_1_382' title='bbox 979 4228 1091 4308; x_wconf 80' lang='lat' dir='ltr'><strong>Rogero</strong></span> <span class='ocrx_word' id='word_1_383' title='bbox 1114 4228 1151 4289; x_wconf 89' lang='lat' dir='ltr'><strong>de</strong></span> <span class='ocrx_word' id='word_1_384' title='bbox 1172 4228 1310 4304; x_wconf 88' lang='lat' dir='ltr'><strong>Bristoll&#39;,</strong></span> 
     </span>
    </p>
   </div>
   <div class='ocr_carea' id='block_1_5' title="bbox 588 4382 937 4431">
    <p class='ocr_par' dir='ltr' id='par_1_6' title="bbox 588 4382 937 4431">
     <span class='ocr_line' id='line_1_45' title="bbox 588 4382 937 4431; baseline -0.009 -3"><span class='ocrx_word' id='word_1_385' title='bbox 588 4382 937 4431; x_wconf 59' lang='lat' dir='ltr'><strong>*Insutsrhsndzffinn’</strong></span> 
     </span>
    </p>
   </div>
   <div class='ocr_carea' id='block_1_6' title="bbox 0 0 1610 5367">
    <p class='ocr_par' dir='ltr' id='par_1_7' title="bbox 0 0 1610 5367">
     <span class='ocr_line' id='line_1_46' title="bbox 0 0 1610 5367; baseline 0 0"><span class='ocrx_word' id='word_1_386' title='bbox 0 0 1610 5367; x_wconf 95' lang='lat' dir='ltr'><strong> </strong></span> 
     </span>
    </p>
   </div>
  </div>
 </body>
</html>
