3192 5367
620 484 776 539 sueones
804 484 928 538 vania
1307 465 1329 532 7

294 642 513 698 WROGSTAN.
539 632 655 693 Vicaria
674 632 708 691 in
727 632 846 692 ecclesia
864 632 902 692 da
914 630 1072 709 Wrogsten
1092 649 1149 708 que
1164 634 1209 691 ast
1221 630 1331 691 Prioria

236 718 267 773 at
286 713 456 775 Conventus
476 713 607 791 ejusdem
625 714 682 773 loci
701 732 753 790 per
771 713 923 772 dominum
939 712 1096 789 Hugonem
1114 712 1274 773 secundum
1293 713 1331 793 de

236 812 378 855 consensu
404 794 535 871 Capituli
564 795 610 854 sui
633 794 765 853 Lincoln'
788 795 830 853 eis
859 812 925 854 cum
955 792 1141 871 pertinenciis
1163 794 1331 853 confirmata

236 876 368 936 consistit
377 876 410 935 in
420 875 533 935 duabus
546 876 665 953 virgatis
677 880 752 935 tsrrs
765 875 802 933 da
812 874 893 934 Hida
901 893 990 952 quam
1000 874 1097 933 Adam
1106 874 1226 934 clericus
1234 874 1332 934 tenuit

235 975 335 1016 versus
361 958 501 1016 ouantem
528 975 594 1016 cnm
619 957 753 1033 porcione
778 957 856 1032 preti
881 956 1039 1033 spectantia
1061 955 1099 1014 ad
1122 954 1244 1015 eandam
1264 974 1331 1015 cum

235 1038 395 1114 messuagio
410 1041 439 1097 et
452 1036 573 1098 edificiis
586 1056 643 1116 que
655 1036 773 1096 fumant
786 1036 955 1115 sampsonis
964 1037 1052 1113 juxte
1071 1036 1218 1095 wlasiam
1230 1054 1332 1096 versus

235 1119 433 1179 occidentem:
454 1118 529 1178 etin
541 1122 604 1178 toto
623 1118 759 1195 alteregio
779 1118 907 1195 exceptis
926 1117 1049 1176 minutis
1061 1116 1182 1177 decimis
1194 1116 1231 1177 de
1244 1116 1333 1177 Curia

236 1198 456 1259 Canonicorum.
490 1198 631 1259 'Vicarius
650 1194 770 1259 hebebit
789 1199 970 1275 capellanum
990 1216 1087 1257 secum
1106 1199 1217 1257 socium
1234 1199 1287 1276 qni
1298 1199 1333 1257 in

236 1280 345 1357 capella
362 1280 400 1339 de
412 1279 565 1340 Beloscoth
585 1278 763 1339 ministrabit
782 1283 813 1338 et
831 1280 962 1339 inveniet
981 1278 1117 1338 clericum
1136 1285 1166 1339 et
1178 1278 1333 1339 luminaria

236 1361 432 1438 competsncia
453 1359 592 1421 solvendo
618 1360 760 1420 sinodalia
781 1364 906 1421 tautum.
958 1359 1100 1420 Canonici
1118 1379 1187 1420 vero
1210 1359 1334 1437 predicti

237 1442 334 1501 omnia
347 1440 405 1501 alia
418 1442 612 1502 emolumenta
624 1441 702 1501 dicte
715 1440 832 1501 ecclesie
845 1440 1013 1518 percipient,
1023 1444 1054 1499 et
1067 1441 1164 1501 omnia
1176 1440 1234 1501 alia
1246 1459 1334 1501 onera

237 1522 573 1601 ejusdemeustinebunt.
615 1521 655 1583 Et
668 1521 1083 1585 valetvicariadeoemmara'.

299 1691 572 1748 sentuossvas.
598 1682 715 1743 Vicaria
736 1682 770 1742 in
792 1682 913 1743 ecclesia
940 1682 978 1742 ds
1004 1682 1180 1742 Bsrunooetr
1206 1702 1263 1759 que
1289 1687 1334 1743 ast

168 1825 176 1832 ,
238 1762 346 1823 Prioris
366 1768 396 1823 at
409 1763 579 1824 Conventus
593 1764 723 1841 ejusdem
736 1764 794 1825 loci
813 1764 983 1823 auctoritate
1002 1763 1119 1823 concilii
1138 1763 1271 1823 ordinate
1290 1769 1335 1824 ast

237 1845 271 1903 iu
283 1844 338 1903 hoc
351 1844 445 1905 modo.
487 1844 622 1905 Vicae-ius
634 1844 755 1905 hebebit
773 1863 827 1922 pro
847 1844 1000 1922 stipendiis
1015 1844 1076 1903 suis
1090 1848 1121 1903 et
1133 1845 1275 1922 capellani
1287 1845 1334 1904 sui

238 1929 269 1985 et
288 1924 462 1992 clericorum
474 1942 592 1985 suorum
611 1925 645 1985 xl
671 1924 778 1985 solidos
805 1926 957 1985 annuatim
972 1925 1005 1984 in
1027 1924 1126 1985 terciis
1147 1926 1334 2002 porcionibus

238 2006 444 2083 assignandosa
474 2010 504 2065 et
526 2006 589 2083 ipse
612 2011 643 2066 et
667 2006 832 2083 capellanus
855 2007 919 2084 ejus
941 2010 972 2065 et
994 2005 1092 2065 clerici
1114 2007 1161 2065 sui
1183 2006 1335 2067 habebunt

239 2087 349 2146 victum
369 2106 454 2146 suum
474 2087 511 2146 ds
529 2087 658 2164 prioratu
677 2086 924 2164 ipsis'capallania
943 2091 974 2146 et
992 2087 1102 2146 clericis
1114 2092 1332 2165 competentem

238 2166 339 2227 &iam
357 2167 479 2227 habebit
499 2167 600 2227 tanum
621 2173 651 2227 et
670 2168 847 2245 prebendam
867 2167 905 2227 ad
918 2186 1027 2244 equum
1041 2186 1135 2227 unum
1147 2168 1184 2227 da
1196 2170 1333 2245 prioratu.

169 2285 171 2294 ι
239 2248 339 2308 Eciam
352 2248 516 2308 oblaciones
529 2267 595 2309 suas
608 2248 717 2309 scilicet
729 2266 824 2308 unum
839 2248 990 2308 denudum
1009 2267 1061 2326 pro
1082 2266 1197 2326 corpore
1209 2250 1337 2326 prasenti

239 2334 269 2389 at
283 2348 377 2388 unum
390 2329 454 2389 den’
468 2348 520 2407 pro
530 2330 756 2407 sponsalibus'st
768 2348 861 2389 unum
872 2329 1022 2390 denarium
1035 2348 1088 2405 pro
1099 2328 1210 2407 purific'
1220 2330 1337 2407 quocies

240 2409 305 2469 den'
318 2410 431 2487 integer
442 2411 614 2487 provenerit
659 2411 759 2470 Eciam
771 2410 806 2470 iu
819 2410 868 2469 die
880 2411 972 2471 natali
984 2411 1108 2470 Domini
1120 2415 1179 2470 tres
1192 2410 1267 2484 deu’,
1288 2411 1337 2469 die

138 2514 171 2525 =·
239 2484 350 2550 Pascha
371 2491 444 2551 duos
464 2490 540 2565 dsn',
554 2496 584 2551 et
604 2492 638 2551 in
650 2490 755 2551 duobis
782 2491 847 2551 eliis
872 2491 1082 2569 principalibus
1106 2491 1189 2551 tastis
1215 2496 1338 2568 unoque

239 2572 350 2633 scilicet
367 2589 460 2631 unum
480 2572 639 2632 denarium.
683 2568 747 2653 [Εο.
763 2568 826 2647 Ἠ]
869 2572 999 2632 Habebit
1019 2572 1110 2631 eciam
1122 2572 1286 2632 oblaciones
1304 2572 1338 2630 in

220 2692 222 2695 -
241 2652 470 2713 conimeionibus
484 2656 513 2712 et
526 2653 685 2713 secundum
697 2653 826 2730 legatum
844 2670 937 2729 usque
955 2653 994 2713 ed
1005 2672 1059 2713 sex
1071 2653 1203 2713 denarios
1215 2658 1246 2713 et
1258 2652 1338 2729 quod

240 2734 381 2810 supererit
412 2734 537 2794 vicarius
569 2740 600 2793 et
629 2734 760 2793 canonici
791 2733 996 2793 dimidiabunt.
1051 2732 1182 2792 Habebit
1220 2734 1340 2811 insuper

241 2819 715 2956 mmsumssficompoeotleutamdalrpttrta
733 2814 929 2955 ppioretunata
950 2814 1092 2953 Cantczrrrici
1117 2818 1215 2874 autem
1241 2815 1339 2955 offla

241 2912 471 3045 dddtriirebudbset
480 2914 679 3039 vddstlevicdrid
698 3020 706 3038 .
735 2914 756 3037 Θ.
792 2913 937 3037 perpetim
949 2914 1048 3037 ἓιιῗοω
1060 2913 1339 3037 οὲἓίἓξὴρῗιωωαωῗ

301 3145 468 3203 WESTON.
495 3138 612 3198 Vicaria
630 3138 664 3197 iu
683 3136 803 3199 ecclesia
821 3138 858 3197 de
877 3136 1003 3198 Weston
1021 3155 1078 3215 qua
1097 3141 1142 3198 est
1157 3137 1283 3198 Abbatis
1309 3142 1341 3198 et

243 3216 413 3279 Conventus
422 3217 496 3278 Osn'
509 3220 678 3279 andoritate
691 3218 817 3281 Concilii
836 3218 969 3279 ordinata
988 3218 1120 3279 conuehi
1132 3238 1184 3299 par
1196 3221 1295 3280 omnia
1306 3224 1342 3279 ut

244 3316 330 3379 supra
342 3298 444 3359 eodem
452 3298 699 3361 Archidiaconatu
711 3300 744 3361 in
756 3300 909 3378 principio.

302 3466 576 3525 sementeron.
603 3460 720 3521 Vicaria
744 3460 778 3521 in
799 3459 919 3521 ecclesia
944 3461 982 3522 da
1001 3460 1195 3522 Garthamton
1213 3480 1271 3539 qua
1296 3467 1342 3523 eat

243 3538 369 3600 Abbatis
388 3544 419 3600 et
438 3541 610 3602 Conventus
630 3541 700 3603 Osn'
719 3542 890 3602 auctoritate
913 3541 1039 3610 Consilii
1058 3543 1191 3604 ordinata
1209 3543 1343 3604 consistit

244 3638 295 3698 per
308 3620 406 3681 omnia
418 3625 453 3681 ut
465 3640 553 3701 supra
564 3622 666 3684 eodem
678 3622 923 3685 Archidiaconatu
935 3624 969 3685 in
979 3625 1131 3702 principio.

244 3784 993 3957 ibttfftttttatltealnla
1003 3784 1210 3927 {aba
1227 3790 1344 3927 aaron

245 3948 378 4003 consistrt
390 3945 423 4003 in
435 3949 498 4004 toto
511 3945 647 4023 alteragio
660 3945 752 4023 ipsius
771 3945 890 4007 ecclesie
909 3952 939 4006 et
958 3946 1076 4007 redditu
1095 3948 1172 4025 xxiij
1184 3947 1343 4007 solidorum

245 4028 274 4084 st
293 4024 338 4101 iiij
357 4024 541 4119 danariprum
560 4045 648 4120 quern
667 4028 800 4121 hpmincs
819 4031 952 4087 unentas
970 4029 1062 4123 ipsius
1081 4028 1198 4123 ecclesie
1224 4028 1344 4123 solvprnt

244 4106 1344 4300 {cepiannfflessaffiuffipffimcgeppdfflffl{paim

245 4266 1011 4412 ibidedlldddellilfldbffiffle
1022 4271 1345 4412 &hillidii

245 4428 309 4506 (aio)
324 4432 421 4490 autem
434 4430 467 4489 iu
480 4430 672 4509 disposiciom
682 4432 820 4513 Episcopi
832 4434 877 4493 ast
889 4433 955 4510 quis
967 4451 1025 4510 que
1038 4432 1142 4492 debeat
1153 4432 1302 4492 smtinera
