3192 5367
310 532 351 599 46
697 546 802 600 mana
823 545 1000 609 hunrocus

308 699 418 779 proptu
441 694 721 758 ammomum
744 694 833 756 nica
854 695 888 755 in
911 694 1034 774 mscy.
1076 694 1117 755 nt
1139 694 1263 776 cauus
1286 674 1409 757 meeis

308 780 490 859 capellanum
502 778 614 839 socium
625 782 656 838 al
669 776 763 838 solvet
777 776 982 837 tantummodo
995 776 1147 853 modalis
1158 781 1189 837 et
1200 777 1259 853 ipsi
1272 776 1411 855 magister

309 866 339 922 el
358 864 519 923 conventus
541 858 738 937 procurabunt
756 856 921 935 hospicium
946 857 1142 945 archidiaconi
1161 862 1191 917 el
1209 858 1408 936 providebunt

308 943 415 1003 vicario
428 942 465 1002 de
478 939 555 1001 coreo
568 944 598 1005 sl
611 938 709 1001 omnia
728 940 785 1001 alia
805 956 893 999 onera
911 939 1099 1000 sustinebunt
1116 943 1147 999 ct
1159 943 1204 999 esi
1216 943 1288 999 iuno
1300 939 1410 999 vicaria

308 1042 330 1083 x
344 1042 511 1083 maronem
617 1046 620 1053 ·

367 1198 503 1254 τΗοκΡ.
528 1182 645 1244 Vicaris
671 1182 704 1241 iu
735 1180 856 1243 ccclesia
881 1180 918 1242 de
950 1180 1049 1260 'lherp
1081 1201 1139 1260 qus
1165 1186 1210 1242 esi
1242 1180 1408 1242 earumdem

308 1266 441 1327 onasus
460 1266 494 1325 in
512 1268 575 1325 loto
594 1263 731 1341 almngio
751 1268 781 1323 el
796 1263 830 1323 in
845 1262 966 1323 decimis
984 1262 1137 1341 gmberum
1155 1264 1248 1324 ioiine
1267 1262 1408 1322 dominici

308 1346 430 1407 Roberti
453 1345 587 1407 Beeewin
605 1346 640 1405 in
658 1344 759 1404 eadem
785 1342 857 1404 villa
876 1349 972 1422 proter
989 1344 1056 1403 illas
1082 1350 1172 1404 torres
1191 1362 1264 1421 quse
1284 1343 1408 1421 predicti

307 1428 443 1505 magister
462 1432 493 1488 et
511 1430 672 1487 convenius
695 1424 806 1485 habent
832 1424 869 1484 de
895 1424 975 1485 dicio
995 1424 1141 1486 dominico
1167 1429 1296 1503 tompore
1315 1424 1407 1504 hujus

307 1508 513 1587 emigraccionis
532 1511 563 1567 ei
581 1508 615 1567 in
634 1505 754 1567 decimis
779 1505 931 1583 garbarum
950 1506 1071 1567 duarum
1092 1507 1264 1566 homirnum
1282 1510 1357 1565 terre
1377 1510 1408 1567 ei

200 1611 205 1621 ¹
308 1590 429 1651 dimidie
441 1590 532 1649 Alani
544 1588 646 1666 Kybel
658 1588 691 1648 in
711 1586 812 1647 cadem
830 1586 903 1647 villa
915 1586 953 1647 de
971 1586 1078 1665 Thorp.
1120 1587 1162 1647 Ec
1174 1588 1299 1647 vicarius
1312 1588 1407 1648 solvet

307 1670 510 1733 tantummodo
530 1668 672 1737 sinodslia
691 1674 721 1729 ec
739 1669 803 1745 ipse
825 1669 961 1747 magister
980 1673 1011 1728 et
1029 1672 1191 1730 convenius
1210 1661 1408 1746 providebunt

307 1752 415 1813 vicario
435 1752 472 1811 ds
491 1750 568 1812 tofto
588 1756 619 1811 ci
637 1750 834 1829 procurabunt
859 1749 1022 1827 hospicium
1044 1749 1240 1811 archidiaconi
1259 1754 1290 1809 et
1309 1750 1408 1811 omnia

308 1832 366 1893 alia
378 1852 465 1893 cneus
477 1830 664 1893 sustinebunt
677 1835 706 1891 ei
720 1835 764 1891 esi
776 1830 884 1891 vicaria
896 1835 968 1891 tunc
981 1850 1002 1892 r
1014 1850 1182 1892 marcarum

369 2006 665 2064 emussmsrsu.
692 1988 889 2075 [comum]
909 1991 1408 2053 vimuodsucsswinmm-

307 2074 372 2134 stad
392 2092 449 2151 qne
468 2076 513 2133 esi
532 2072 636 2150 prioris
655 2076 686 2133 ei
706 2078 867 2134 conventus
886 2072 924 2133 de
944 2074 1026 2135 Drax
1046 2074 1179 2134 consistit
1198 2075 1232 2133 iu
1251 2074 1408 2134 medietate

307 2155 400 2215 totius
412 2152 530 2214 ecclesis
549 2172 615 2213 oum
636 2153 711 2213 teilo
731 2158 762 2215 ei
781 2153 904 2231 prcdicli
923 2156 1002 2232 prior
1019 2162 1048 2216 st
1061 2160 1222 2215 conventus
1235 2173 1268 2214 ac
1282 2155 1408 2215 vicarius

307 2234 502 2313 procurabunt
528 2235 721 2295 communiter
749 2234 914 2312 hospicium
939 2236 1134 2297 archidiaconi
1159 2240 1190 2295 ci
1216 2237 1408 2296 communiter

308 2317 422 2377 solvent
444 2314 640 2376 sinodalis'ei
662 2316 720 2376 alia
743 2335 831 2376 onera
852 2318 1044 2378 communiter
1066 2317 1261 2377 sustinebunt
1303 2317 1409 2376 Eteri

308 2398 415 2459 vicarie
427 2416 480 2457 sex
488 2414 648 2457 morcarum
660 2402 691 2457 el
703 2396 832 2457 dimidie.
868 2397 964 2457 Aliter
975 2398 1100 2459 habetur
1111 2398 1188 2458 inha
1201 2400 1235 2458 in
1248 2394 1294 2458 νὴ
1305 2397 1407 2459 folio*

550 2484 1166 2553 ·ruumcc0u0‘1o.susmmam

368 2648 527 2705 ΟΟΒΕΒΥ.
554 2630 687 2716 [corbo]
706 2633 1408 2713 ViccriainocclesiadeOorbyqueestmagisiri

308 2720 339 2777 ei
352 2719 513 2776 convontus
528 2713 558 2776 S.
573 2714 727 2776 Michaelis
747 2715 893 2778 Slaniord’
907 2721 937 2776 ci
949 2734 1070 2795 persona
1082 2734 1160 2777 nous
1173 2716 1264 2794 perlis
1277 2717 1408 2794 ejusdcm

308 2796 442 2857 consistit
454 2796 487 2855 in
500 2800 563 2856 icio
576 2796 712 2875 almragio
722 2816 774 2857 sex
784 2798 911 2876 partium
920 2816 987 2857 cum
996 2797 1072 2857 teilo
1081 2797 1162 2874 quod
1171 2803 1216 2858 eei
1224 2798 1258 2858 in
1267 2798 1408 2859 cimiterio

308 2897 407 2939 vorsus
426 2876 601 2955 aquilonem.
641 2877 681 2937 Ec
700 2878 825 2939 vicerim
843 2878 1003 2939 secundum
1029 2879 1194 2955 porcionem
1212 2898 1295 2939 snam
1314 2879 1409 2940 solvet

307 2957 510 3020 tantummodo
530 2958 682 3035 synodalia
701 2963 732 3019 ei
751 2960 880 3037 predicte
899 2960 1039 3019 moniales
1058 2978 1199 3021 unacum
1217 2960 1408 3038 participibus

308 3041 369 3181 :Lis
381 3041 414 3099 iu
427 3039 528 3100 eedem
541 3039 660 3181 cccssesic
673 3041 869 3117 procurabunt
884 3040 1048 3118 hospicium
1060 3040 1254 3101 archidiaconi
1267 3045 1297 3101 et
1310 3042 1409 3101 omnia

338 3122 345 3135 '
377 3140 464 3181 onera
476 3121 588 3182 sustine
608 3126 671 3181 uni.

368 3297 527 3352 ΟΜΝΙΗΜ
563 3298 618 3353 88.
657 3297 876 3353 mauroso:
901 3282 1018 3344 Vlwla
1050 3282 1084 3342 ln
1116 3284 1236 3345 mlesia
1266 3283 1408 3347 Omnium

309 3362 481 3425 Sanctorum
494 3364 571 3424 ultra
586 3372 652 3423 arx⁸
670 3383 727 3443 qus
746 3369 791 3425 esi
810 3363 976 3425 earumdem
996 3365 1130 3425 consistit
1149 3366 1182 3424 in
1194 3370 1258 3426 tolo
1270 3365 1409 3445 alimegio

308 3443 456 3505 reddendo
468 3443 538 3505 inds
551 3446 704 3505 annuatim
717 3445 804 3507 dictis
823 3445 999 3506 monialibus
1014 3464 1103 3506 unam
1115 3465 1240 3507 marcam
1253 3448 1365 3524 ergenii
1377 3452 1409 3507 ei

308 3526 433 3585 vicarius
445 3526 648 3589 tantummodo
667 3525 761 3588 solvet
780 3526 923 3587 sinodalia
936 3531 966 3587 ei
977 3528 1041 3605 ipse
1060 3526 1200 3588 moniales
1212 3527 1409 3606 procurabunt

308 3604 471 3683 hospicium
489 3605 684 3667 archidiaconi
703 3613 733 3668 ci
753 3609 851 3669 omnia
869 3607 927 3667 alis
946 3628 1033 3669 onera
1052 3607 1248 3671 sustinebunt
1302 3608 1343 3669 Ei
1363 3614 1408 3670 est

308 3687 415 3747 vicaria
427 3688 517 3747 trium
530 3706 689 3748 marcarum
702 3694 732 3749 ei
745 3689 874 3749 dimidie

368 3862 399 3915 s.
428 3861 588 3925 rismum.
615 3862 833 3918 mauroso:
856 3847 1018 3911 Vioriein
1031 3850 1151 3911 ecelesia
1167 3850 1198 3913 s.
1213 3852 1337 3912 Martini
1350 3870 1408 3930 que

307 3931 353 3988 esi
365 3928 530 3988 earumdem
543 3928 675 3988 consistit
687 3930 720 3989 in
733 3933 796 3989 toto
810 3929 947 4009 almragio
959 3931 1037 3992 dicis
1046 3933 1163 3993 ecclesie
1176 3932 1324 3994 reddendo
1337 3934 1409 3993 inde

308 4008 459 4070 annuatim
471 4008 558 4069 dictis
571 4010 746 4070 monialibus
760 4011 832 4072 dues
845 4030 961 4073 marces
995 4012 1044 4074 Iis
1056 4018 1155 4074 tamen
1166 4014 1247 4092 quod
1259 4014 1286 4073 ei
1298 4015 1409 4093 capolia

308 4091 346 4150 de
358 4089 503 4167 Bnrghcle
515 4090 548 4149 in
561 4090 661 4150 oedem
673 4090 809 4169 parochie
821 4093 878 4153 site
897 4092 1032 4153 divinum
1045 4094 1171 4155 officinm
1184 4094 1291 4156 habere
1302 4095 1408 4157 debeat

308 4172 386 4231 dicio
408 4170 547 4230 moniales
574 4189 647 4233 onus
672 4172 754 4232 illiue
777 4174 885 4252 ospello
911 4175 1106 4236 sustinebunt
1148 4176 1283 4237 Vicarius
1308 4181 1408 4238 aulem

308 4252 402 4312 solvet
435 4252 637 4311 tantummodo
670 4254 822 4330 synodalia
854 4260 885 4315 ai
924 4255 1002 4315 dicte
1037 4256 1178 4317 moniales
1210 4258 1408 4336 procurabunt

307 4333 470 4411 hospicium
483 4332 678 4393 archidiaconi
691 4338 720 4393 st
734 4340 827 4395 celera
839 4354 925 4397 onera
938 4337 1036 4397 omnia
1048 4337 1243 4399 sustinebunt„
