3192 5367
554 546 640 617 24
1328 559 1538 621 1111111
1576 558 1932 631 mucuns

553 722 748 797 preter
769 715 962 777 linum
984 720 1045 775 et
1068 714 1260 776 solvet
1295 714 1546 776 vicarius
1583 714 1935 777 moniah'bus
1972 734 2103 793 me
2133 714 2349 776 solidos
2373 732 2488 793 que
2512 715 2760 795 quidem

553 798 861 859 invenient
885 797 943 857 ei
978 815 1247 858 mansum
1284 801 1711 874 competentem
1740 798 1916 874 juxta
1956 796 2252 857 *eeclesiam
2280 801 2337 857 et
2369 798 2441 857 de
2481 797 2761 857 omnihus:

554 880 825 941 oneribus
850 878 1111 955 ejusdem
1135 878 1371 938 ecclesie
1395 877 1803 956 providebunt.
1866 877 1948 938 Et
1976 881 2128 937 valet

553 960 774 1021 Totalis
799 960 1038 1020 ecclesia
1060 959 1145 1036 xij
1175 960 1362 1018 marc’.

679 1134 1144 1191 BOKESDENE.
1195 1118 1517 1181 Vicariain
1557 1120 1793 1181 ecclesia
1831 1120 1904 1181 de
1944 1121 2172 1181 Essltsssd

554 1204 777 1264 icorum
802 1204 876 1263 de
901 1200 1250 1262 Kaudewell
1273 1201 1576 1262 exdudum
1602 1202 1867 1262 ordinata
1892 1221 1996 1261 con
2004 1205 2156 1261 sistit

555 1284 760 1426 ἔξοιδα
787 1283 864 1343 ad
888 1284 1106 1344 dictam
1144 1281 1442 1343 ecclesiam
1479 1283 1877 1362 spectantibus
1916 1305 2048 1341 uum
2084 1305 2170 1341 ma.

683 1540 1089 1596 BEREFORD.
1139 1525 1375 1586 Vinaria
1411 1526 1480 1586 in
1516 1526 1754 1587 eeclesia
1790 1525 1865 1586 de
1904 1529 2172 1585 Bernfmd

560 1610 965 1670 canonicorum
991 1607 1066 1666 de
1091 1607 1452 1669 Newenham
1478 1608 1819 1667 auctoritate
1852 1609 2080 1667 concilii
2110 1629 2184 1665 mv

559 1695 684 1751 toto
710 1689 984 1767 altu-agio
1024 1692 1084 1748 et
1121 1688 1188 1748 in
1227 1688 1466 1748 decimis
1503 1688 1964 1749 molendinorum
2008 1697 2064 1745 st
2108 1693 2168 1745 in

560 1772 799 1833 decimis
824 1775 1014 1849 preter
1037 1769 1232 1830 lanam
1270 1774 1333 1829 et
1369 1788 1547 1847 agnos
1587 1788 1722 1830 cum
1753 1788 1956 1830 manse
2000 1789 2194 1845 nmnpty
2541 1797 2757 1845 ..quum

559 1853 737 1913 salvis
769 1852 948 1945 dictis
979 1850 1159 1944 priori
1196 1854 1257 1910 ot
1309 1850 1627 1911 conventui
1682 1851 1908 1911 duabus
1948 1853 2148 1909 marcis
2192 1857 2401 1909 annuis
2441 1853 2513 1911 119
2557 1833 2757 1913 endem
2882 1904 2884 1907 Α

556 1934 772 1993 vicaria
796 1931 1182 2009 percipiendis
1208 1932 1311 2007 qui
1350 1930 1587 2009 quidem
1628 1932 1824 1991 omnia
1849 1951 2023 1993 onera
2047 1933 2208 1991 illius
2234 1932 2468 1993 ecclesie
2508 1935 2757 1995 sustine-

559 2014 727 2075 bunt.
810 2012 892 2072 Et
917 2012 1076 2072 valet
1099 2012 1314 2073 vicaria
1338 2012 1454 2073 viii·
1472 2012 1642 2072 marc'
1667 2013 1829 2073 total’
1856 2013 2095 2089 ecclesia
2116 2010 2255 2074 xxfl.

661 2168 1039 2243 ’κεΝΗΑιε
1092 2173 1327 2234 Vicetia
1363 2173 1430 2234 in
1468 2173 1707 2235 ecclesis
1745 2175 1819 2236 de
1857 2174 2122 2236 Renhale
2157 2195 2276 2254 que
2313 2180 2402 2236 est
2440 2178 2757 2238 eorundem

557 2255 824 2317 ordinata
860 2260 931 2315 ut
967 2274 1143 2333 supra
1181 2256 1449 2316 consistit
1485 2256 1552 2316 in
1604 2260 1731 2316 toto
1769 2257 2043 2335 altaragio
2084 2261 2144 2317 et
2198 2258 2469 2318 omnibus
2506 2260 2754 2320 minutis

555 2337 796 2398 decimis
832 2340 1024 2415 preter
1061 2355 1241 2415 agnos
1279 2355 1422 2397 cum·
1451 2356 1655 2399 manso
1694 2343 2057 2416 competente
2083 2359 2097 2398 t
2137 2338 2283 2399 dicti
2321 2357 2460 2399 vero
2498 2341 2653 2418 prior
2690 2345 2754 2401 et

553 2422 877 2479 conventus
902 2418 1100 2479 omnia
1127 2437 1302 2479 onera
1339 2423 1410 2479 ut
1447 2437 1637 2497 supra.
1720 2418 1802 2479 Et
1831 2419 1989 2480 valet
2003 2420 2219 2481 vicaria
2247 2438 2290 2480 v
2314 2420 2505 2482 marc!
2531 2421 2754 2482 Totalis

553 2500 789 2561 ecclesia
813 2520 872 2560 x.

675 2670 1137 2727 ΒΑνΕΝΒῠΕΝ.
1191 2660 1423 2721 Vicaria
1486 2663 1555 2722 in
1624 2662 1861 2723 ecclesia
1926 2663 2001 2722 de
2066 2663 2416 2728 Ravensden
2481 2683 2597 2742 que
2662 2669 2752 2725 est

551 2742 863 2803 eorundem
892 2743 1157 2803 ordinata
1175 2748 1245 2804 ut
1269 2763 1445 2821 supra
1468 2744 1738 2804 consistit
1760 2744 1827 2803 in
1852 2748 1977 2804 toto
2003 2744 2278 2822 altaragio
2306 2751 2365 2805 et
2403 2746 2471 2806 in
2510 2745 2750 2807 decimis

550 2824 1030 2902 provenientibus
1082 2824 1156 2885 de
1207 2829 1334 2885 tota
1383 2830 1536 2885 terra
1585 2825 1769 2885 Alani
1824 2825 1899 2886 de
1940 2824 2187 2886 Orewell
2226 2832 2286 2886 et
2326 2827 2399 2886 de
2437 2832 2564 2887 tota
2601 2832 2752 2888 terra

552 2905 865 2966 willielmi
910 2906 1174 2984 Engaine
1219 2907 1288 2966 in
1333 2906 1533 2965 eadem
1579 2907 1724 2967 villa
1770 2910 1829 2966 et
1872 2908 1941 2966 in
1980 2926 2023 2966 x
2061 2908 2263 2967 solidis
2303 2909 2377 2967 de
2413 2909 2752 2969 tenentibus

552 2988 787 3048 ecclesie
812 2994 881 3047 ut
906 2988 974 3047 in
999 2988 1238 3064 antiquo
1265 2987 1455 3047 rotulo
1495 2988 1563 3047 in
1587 2987 1859 3064 parochis
1896 2987 1971 3047 de
2011 2988 2373 3068 Ravensden.
2457 2989 2539 3049 Et
2564 2990 2753 3051 solvet

551 3068 802 3128 vicarius
821 3072 1053 3129 tantum
1079 3068 1364 3128 sinodalia
1387 3068 1544 3145 prior
1583 3086 1721 3129 vero
1762 3073 1824 3129 et
1862 3074 2185 3130 conventus
2215 3070 2412 3130 omnia
2436 3071 2551 3131 alia
2578 3090 2750 3131 onera

553 3148 928 3209 sustinebunt
951 3154 1013 3208 et
1042 3149 1376 3226 injunctum
1421 3149 1538 3209 fuit
1582 3149 2010 3210 Archidiacono
2056 3151 2123 3211 in
2162 3152 2537 3212 institucione
2576 3152 2747 3212 Abel'

552 3230 757 3289 vicarii
782 3230 940 3307 quod
967 3230 1020 3289 si
1045 3230 1202 3290 dicta
1226 3230 1440 3290 vicaria
1465 3249 1588 3290 non
1613 3231 1834 3292 valeret
1859 3251 1900 3290 v
1920 3232 2091 3291 marc'
2111 3232 2194 3291 sic
2215 3232 2479 3293 ordinata
2497 3233 2748 3294 adiceret

552 3310 608 3369 ei
632 3311 709 3370 de
732 3311 902 3370 bonis
929 3310 1162 3371 ecclesie
1188 3315 1418 3370 tantum
1445 3312 1603 3390 quod
1628 3312 1764 3372 talis
1788 3312 2001 3372 valoris
2028 3319 2179 3373 esset
2204 3315 2523 3376 annuatim„

540 3535 544 3538 .
675 3480 975 3536 ΟΑΙΒΗΟ.
1028 3471 1262 3532 Vicaria
1298 3473 1366 3533 in
1524 3474 1644 3534 ssia
1681 3473 1756 3534 de
1794 3474 2008 3535 Kaisso
2034 3495 2149 3553 que
2174 3480 2264 3537 est
2288 3476 2631 3537 monialium
2670 3477 2746 3537 de

554 3552 920 3615 Chikessand
965 3554 1233 3613 consistit
1278 3554 1344 3615 in
1455 3559 1517 3615 to
1563 3555 1844 3633 altaragio,
1884 3562 2077 3634 preter
2118 3558 2311 3617 linum
2356 3577 2489 3618 cum
2543 3577 2743 3619 manso

551 3638 916 3713 competente
941 3634 1129 3694 eidem
1154 3635 1499 3713 assignando
1548 3642 1609 3697 et
1655 3636 1843 3698 solvet
1886 3638 2066 3716 priori
2110 3639 2413 3699 annuatim
2438 3639 2505 3698 xl
2530 3639 2765 3700 solidos·

551 3715 656 3796 qui
677 3715 750 3776 de
769 3715 1040 3776 omnibus
1056 3717 1431 3795 respondebit
1448 3722 1509 3778 et
1525 3718 1685 3779 valet
1699 3718 1914 3779 vicaria
1926 3738 1967 3780 v
1983 3720 2153 3781 marc’
2167 3721 2367 3781 totalis
2382 3720 2621 3781 ecclesia
2638 3739 2737 3783 xv.

671 3886 1143 3943 8ΤΑΟΗΕΟΕΝ.
1197 3877 1431 3939 vicaria
1459 3879 1526 3939 in
1564 3879 1802 3941 ecclesis
1828 3879 1901 3940 de
1927 3880 2257 3943 Stacheden
2281 3901 2397 3962 que
2422 3886 2513 3943 est
2536 3883 2743 3960 prioris

551 3964 612 4019 et
639 3964 960 4020 conventus
988 3958 1061 4018 de
1089 3958 1448 4019 Newenham
1473 3961 1814 4022 auctoritate
1842 3962 2073 4023 concilii
2096 3964 2362 4025 ordinata
2386 3964 2654 4024 consistit
2677 3964 2744 4024 in

553 4044 678 4100 toto
703 4040 976 4117 altaragio
1004 4044 1064 4099 et
1088 4040 1154 4099 in
1181 4060 1300 4101 una
1343 4042 1567 4121 virgata
1612 4046 1762 4103 terre
1807 4043 1987 4103 libere
2034 4064 2166 4105 cum
2205 4041 2478 4106 omnibus
2504 4045 2743 4106 decimis

550 4121 675 4181 feni
720 4126 783 4180 et
827 4121 958 4180 aliis
997 4120 1213 4182 dictam
1252 4121 1547 4183 ecclesiam
1591 4124 2064 4202 contingentibus
2103 4131 2295 4204 preter
2335 4127 2539 4205 garbas
2580 4131 2641 4186 et
2677 4127 2743 4187 in

553 4220 752 4263 manso
793 4207 1155 4281 competente
1192 4222 1299 4280 pro
1338 4222 1454 4280 quo
1505 4205 1712 4265 reddet
1750 4207 2039 4267 canonicis
2077 4226 2121 4269 v
2158 4208 2372 4268 solidos
2426 4210 2566 4286 quia
2619 4226 2744 4267 non

549 4287 638 4342 est
665 4283 739 4342 de
766 4283 1002 4343 ecclesia
1028 4289 1087 4343 et
1113 4283 1374 4345 canonici
1399 4287 1777 4348 sustinebunt
1815 4288 2009 4348 omnia
2048 4308 2222 4349 onera
2261 4294 2323 4349 et
2348 4290 2506 4350 valet
2531 4289 2741 4351 vicaria

549 4360 777 4447 [blank]
805 4365 976 4426 marc'
995 4365 1194 4426 totalis
1219 4364 1456 4427 ecclesia
1478 4385 1522 4427 x
1546 4368 1733 4437 marc’.
