<?xml version="1.0" encoding="UTF-8"?>
<!DOCTYPE html PUBLIC "-//W3C//DTD XHTML 1.0 Transitional//EN"
    "http://www.w3.org/TR/xhtml1/DTD/xhtml1-transitional.dtd">
<html xmlns="http://www.w3.org/1999/xhtml" xml:lang="en" lang="en">
 <head>
  <title>
</title>
<meta http-equiv="Content-Type" content="text/html;charset=utf-8" />
  <meta name='ocr-system' content='tesseract 3.04.00' />
  <meta name='ocr-capabilities' content='ocr_page ocr_carea ocr_par ocr_line ocrx_word'/>
</head>
<body>
  <div class='ocr_page' id='page_1' title='image "./liberantiquusde00wgoog_0029.png"; bbox 0 0 3192 5367; ppageno 0'>
   <div class='ocr_carea' id='block_1_1' title="bbox 573 598 1285 665">
    <p class='ocr_par' dir='ltr' id='par_1_1' title="bbox 573 598 1285 665">
     <span class='ocr_line' id='line_1_1' title="bbox 573 598 1285 665; baseline -0.003 -2"><span class='ocrx_word' id='word_1_1' title='bbox 573 610 728 664; x_wconf 82' lang='lat' dir='ltr'>HUGONIS</span> <span class='ocrx_word' id='word_1_2' title='bbox 755 608 881 665; x_wconf 75' lang='lat' dir='ltr'>WELLS.</span> <span class='ocrx_word' id='word_1_3' title='bbox 1245 598 1285 661; x_wconf 83' lang='grc'><strong>15</strong></span> 
     </span>
    </p>
   </div>
   <div class='ocr_carea' id='block_1_2' title="bbox 245 756 1388 837">
    <p class='ocr_par' dir='ltr' id='par_1_2' title="bbox 245 756 1388 837">
     <span class='ocr_line' id='line_1_2' title="bbox 245 756 1388 837; baseline -0.003 -11"><span class='ocrx_word' id='word_1_4' title='bbox 245 769 447 827; x_wconf 72' lang='grc' dir='ltr'>ΟΒΕΙΝΒΟΝ.</span> <span class='ocrx_word' id='word_1_5' title='bbox 473 758 590 821; x_wconf 74' lang='lat' dir='ltr'><strong>Vrceria</strong></span> <span class='ocrx_word' id='word_1_6' title='bbox 601 758 635 819; x_wconf 91' lang='lat' dir='ltr'><strong>in</strong></span> <span class='ocrx_word' id='word_1_7' title='bbox 647 757 765 820; x_wconf 88' lang='lat' dir='ltr'><strong>ecclesia</strong></span> <span class='ocrx_word' id='word_1_8' title='bbox 778 758 815 819; x_wconf 90' lang='lat' dir='ltr'><strong>de</strong></span> <span class='ocrx_word' id='word_1_9' title='bbox 824 756 972 820; x_wconf 84' lang='lat' dir='ltr'><strong>Crsindon</strong></span> <span class='ocrx_word' id='word_1_10' title='bbox 984 777 1042 837; x_wconf 89' lang='lat' dir='ltr'><strong>qne</strong></span> <span class='ocrx_word' id='word_1_11' title='bbox 1054 762 1099 819; x_wconf 87' lang='lat' dir='ltr'><strong>est</strong></span> <span class='ocrx_word' id='word_1_12' title='bbox 1114 759 1240 823; x_wconf 80' lang='lat' dir='ltr'><strong>Abbetis</strong></span> <span class='ocrx_word' id='word_1_13' title='bbox 1253 766 1284 823; x_wconf 90' lang='lat' dir='ltr'><strong>et</strong></span> <span class='ocrx_word' id='word_1_14' title='bbox 1385 761 1388 766; x_wconf 80' lang='grc'>’</span> 
     </span>
    </p>
   </div>
   <div class='ocr_carea' id='block_1_3' title="bbox 186 836 700 923">
    <p class='ocr_par' dir='ltr' id='par_1_3' title="bbox 186 836 700 923">
     <span class='ocr_line' id='line_1_3' title="bbox 186 836 700 923; baseline -0.006 -18"><span class='ocrx_word' id='word_1_15' title='bbox 186 843 357 905; x_wconf 86' lang='lat' dir='ltr'><strong>Conventus</strong></span> <span class='ocrx_word' id='word_1_16' title='bbox 370 841 407 902; x_wconf 91' lang='lat' dir='ltr'><strong>de</strong></span> <span class='ocrx_word' id='word_1_17' title='bbox 419 840 452 901; x_wconf 87' lang='lat' dir='ltr'>N</span> <span class='ocrx_word' id='word_1_18' title='bbox 451 840 566 919; x_wconf 81' lang='lat' dir='ltr'><strong>uteleya</strong></span> <span class='ocrx_word' id='word_1_19' title='bbox 579 836 700 923; x_wconf 65' lang='lat' dir='ltr'><strong>[bloclel</strong></span> 
     </span>
    </p>
   </div>
   <div class='ocr_carea' id='block_1_4' title="bbox 187 959 1284 1165">
    <p class='ocr_par' dir='ltr' id='par_1_4' title="bbox 187 959 1284 1165">
     <span class='ocr_line' id='line_1_4' title="bbox 247 959 1284 1079; baseline -0.003 -10"><span class='ocrx_word' id='word_1_20' title='bbox 247 1012 422 1069; x_wconf 83' lang='grc' dir='ltr'>οΗΙΙ.ΤοΝ.</span> <span class='ocrx_word' id='word_1_21' title='bbox 449 1002 565 1063; x_wconf 86' lang='lat' dir='ltr'><strong>Vicaria</strong></span> <span class='ocrx_word' id='word_1_22' title='bbox 584 1002 617 1062; x_wconf 91' lang='lat' dir='ltr'><strong>in</strong></span> <span class='ocrx_word' id='word_1_23' title='bbox 636 959 754 1061; x_wconf 78' lang='lat' dir='ltr'><strong>ecclesia</strong></span> <span class='ocrx_word' id='word_1_24' title='bbox 773 1000 810 1062; x_wconf 90' lang='lat' dir='ltr'><strong>de</strong></span> <span class='ocrx_word' id='word_1_25' title='bbox 823 1000 945 1064; x_wconf 87' lang='lat' dir='ltr'><strong>Chilton</strong></span> <span class='ocrx_word' id='word_1_26' title='bbox 964 1020 1022 1079; x_wconf 89' lang='lat' dir='ltr'><strong>que</strong></span> <span class='ocrx_word' id='word_1_27' title='bbox 1041 1005 1087 1063; x_wconf 90' lang='lat' dir='ltr'><strong>est</strong></span> <span class='ocrx_word' id='word_1_28' title='bbox 1106 1002 1284 1067; x_wconf 70' lang='lat' dir='ltr'><strong>Abnouae</strong></span> 
     </span>
     <span class='ocr_line' id='line_1_5' title="bbox 187 1080 701 1165; baseline -0.01 -17"><span class='ocrx_word' id='word_1_29' title='bbox 187 1085 358 1148; x_wconf 90' lang='lat' dir='ltr'><strong>Conventus</strong></span> <span class='ocrx_word' id='word_1_30' title='bbox 371 1084 408 1145; x_wconf 91' lang='lat' dir='ltr'><strong>de</strong></span> <span class='ocrx_word' id='word_1_31' title='bbox 421 1083 567 1161; x_wconf 82' lang='lat' dir='ltr'><strong>Nuteleya</strong></span> <span class='ocrx_word' id='word_1_32' title='bbox 580 1080 701 1165; x_wconf 78' lang='lat' dir='ltr'><strong>[blantJ.</strong></span> 
     </span>
    </p>
   </div>
   <div class='ocr_carea' id='block_1_5' title="bbox 188 1242 1288 1408">
    <p class='ocr_par' dir='ltr' id='par_1_5' title="bbox 188 1242 1288 1408">
     <span class='ocr_line' id='line_1_6' title="bbox 249 1242 1288 1324; baseline -0.002 -13"><span class='ocrx_word' id='word_1_33' title='bbox 249 1254 460 1311; x_wconf 75' lang='lat' dir='ltr'><strong>ESSENDON.</strong></span> <span class='ocrx_word' id='word_1_34' title='bbox 483 1244 601 1307; x_wconf 84' lang='lat' dir='ltr'><strong>Vicsria</strong></span> <span class='ocrx_word' id='word_1_35' title='bbox 619 1244 652 1304; x_wconf 90' lang='lat' dir='ltr'><strong>in</strong></span> <span class='ocrx_word' id='word_1_36' title='bbox 672 1242 790 1305; x_wconf 85' lang='lat' dir='ltr'><strong>ecclesia</strong></span> <span class='ocrx_word' id='word_1_37' title='bbox 808 1242 846 1304; x_wconf 86' lang='lat' dir='ltr'><strong>de</strong></span> <span class='ocrx_word' id='word_1_38' title='bbox 858 1243 1009 1305; x_wconf 78' lang='lat' dir='ltr'><strong>Fassndon</strong></span> <span class='ocrx_word' id='word_1_39' title='bbox 1029 1263 1087 1324; x_wconf 87' lang='lat' dir='ltr'><strong>que</strong></span> <span class='ocrx_word' id='word_1_40' title='bbox 1102 1249 1147 1307; x_wconf 86' lang='lat' dir='ltr'><strong>sat</strong></span> <span class='ocrx_word' id='word_1_41' title='bbox 1159 1246 1288 1309; x_wconf 83' lang='lat' dir='ltr'><strong>Abbatis</strong></span> 
     </span>
     <span class='ocr_line' id='line_1_7' title="bbox 188 1320 748 1408; baseline -0.011 -17"><span class='ocrx_word' id='word_1_42' title='bbox 188 1333 218 1391; x_wconf 90' lang='lat' dir='ltr'><strong>et</strong></span> <span class='ocrx_word' id='word_1_43' title='bbox 232 1328 402 1391; x_wconf 89' lang='lat' dir='ltr'><strong>Conventus</strong></span> <span class='ocrx_word' id='word_1_44' title='bbox 415 1327 452 1388; x_wconf 91' lang='lat' dir='ltr'><strong>de</strong></span> <span class='ocrx_word' id='word_1_45' title='bbox 464 1326 612 1404; x_wconf 82' lang='lat' dir='ltr'><strong>Nuteleys</strong></span> <span class='ocrx_word' id='word_1_46' title='bbox 627 1320 748 1408; x_wconf 65' lang='lat' dir='ltr'><strong>[blondel</strong></span> 
     </span>
    </p>
   </div>
   <div class='ocr_carea' id='block_1_6' title="bbox 188 1483 1291 2621">
    <p class='ocr_par' dir='ltr' id='par_1_6' title="bbox 188 1483 1291 2621">
     <span class='ocr_line' id='line_1_8' title="bbox 248 1483 1289 1566; baseline -0.002 -13"><span class='ocrx_word' id='word_1_47' title='bbox 248 1497 449 1559; x_wconf 78' lang='grc' dir='ltr'>εοΒΙΝΤΟΝ.</span> <span class='ocrx_word' id='word_1_48' title='bbox 475 1485 592 1547; x_wconf 87' lang='lat' dir='ltr'><strong>Vicaria</strong></span> <span class='ocrx_word' id='word_1_49' title='bbox 604 1486 637 1546; x_wconf 93' lang='lat' dir='ltr'><strong>in</strong></span> <span class='ocrx_word' id='word_1_50' title='bbox 650 1486 768 1547; x_wconf 87' lang='lat' dir='ltr'><strong>ecclesie</strong></span> <span class='ocrx_word' id='word_1_51' title='bbox 786 1484 825 1546; x_wconf 88' lang='lat' dir='ltr'><strong>de</strong></span> <span class='ocrx_word' id='word_1_52' title='bbox 839 1483 986 1546; x_wconf 83' lang='lat' dir='ltr'><strong>Sobinton</strong></span> <span class='ocrx_word' id='word_1_53' title='bbox 1004 1504 1062 1563; x_wconf 88' lang='lat' dir='ltr'><strong>que</strong></span> <span class='ocrx_word' id='word_1_54' title='bbox 1081 1492 1126 1547; x_wconf 88' lang='lat' dir='ltr'><strong>est</strong></span> <span class='ocrx_word' id='word_1_55' title='bbox 1139 1488 1244 1566; x_wconf 87' lang='lat' dir='ltr'><strong>prioris</strong></span> <span class='ocrx_word' id='word_1_56' title='bbox 1257 1495 1289 1551; x_wconf 88' lang='lat' dir='ltr'><strong>et</strong></span> 
     </span>
     <span class='ocr_line' id='line_1_9' title="bbox 188 1566 1289 1645; baseline 0.001 -14"><span class='ocrx_word' id='word_1_57' title='bbox 188 1570 358 1633; x_wconf 76' lang='lat' dir='ltr'>Conventus</span> <span class='ocrx_word' id='word_1_58' title='bbox 370 1569 408 1629; x_wconf 92' lang='lat' dir='ltr'><strong>de</strong></span> <span class='ocrx_word' id='word_1_59' title='bbox 421 1567 622 1645; x_wconf 77' lang='lat' dir='ltr'>walingeford</span> <span class='ocrx_word' id='word_1_60' title='bbox 635 1566 805 1628; x_wconf 84' lang='lat' dir='ltr'><strong>auctoritate</strong></span> <span class='ocrx_word' id='word_1_61' title='bbox 825 1568 941 1626; x_wconf 88' lang='lat' dir='ltr'><strong>concilii</strong></span> <span class='ocrx_word' id='word_1_62' title='bbox 961 1568 1095 1628; x_wconf 82' lang='lat' dir='ltr'><strong>ordinata</strong></span> <span class='ocrx_word' id='word_1_63' title='bbox 1109 1571 1242 1631; x_wconf 89' lang='lat' dir='ltr'><strong>consistit</strong></span> <span class='ocrx_word' id='word_1_64' title='bbox 1255 1572 1289 1632; x_wconf 89' lang='lat' dir='ltr'><strong>in</strong></span> 
     </span>
     <span class='ocr_line' id='line_1_10' title="bbox 188 1647 1288 1729; baseline 0 -17"><span class='ocrx_word' id='word_1_65' title='bbox 188 1657 251 1713; x_wconf 89' lang='lat' dir='ltr'><strong>toto</strong></span> <span class='ocrx_word' id='word_1_66' title='bbox 265 1650 401 1729; x_wconf 64' lang='lat' dir='ltr'><strong>albregio</strong></span> <span class='ocrx_word' id='word_1_67' title='bbox 420 1650 500 1709; x_wconf 90' lang='lat' dir='ltr'><strong>illiue</strong></span> <span class='ocrx_word' id='word_1_68' title='bbox 520 1648 637 1710; x_wconf 89' lang='lat' dir='ltr'><strong>ecclesie</strong></span> <span class='ocrx_word' id='word_1_69' title='bbox 661 1648 744 1708; x_wconf 91' lang='lat' dir='ltr'><strong>etin</strong></span> <span class='ocrx_word' id='word_1_70' title='bbox 764 1648 884 1707; x_wconf 88' lang='lat' dir='ltr'><strong>decimis</strong></span> <span class='ocrx_word' id='word_1_71' title='bbox 904 1647 1004 1707; x_wconf 89' lang='lat' dir='ltr'><strong>decem</strong></span> <span class='ocrx_word' id='word_1_72' title='bbox 1023 1650 1201 1727; x_wconf 77' lang='lat' dir='ltr'><strong>virgatamm</strong></span> <span class='ocrx_word' id='word_1_73' title='bbox 1214 1657 1288 1711; x_wconf 87' lang='lat' dir='ltr'><strong>terre</strong></span> 
     </span>
     <span class='ocr_line' id='line_1_11' title="bbox 188 1728 1290 1811; baseline 0 -18"><span class='ocrx_word' id='word_1_74' title='bbox 188 1734 299 1794; x_wconf 88' lang='lat' dir='ltr'><strong>scilicet</strong></span> <span class='ocrx_word' id='word_1_75' title='bbox 319 1732 438 1791; x_wconf 81' lang='lat' dir='ltr'><strong>duanam</strong></span> <span class='ocrx_word' id='word_1_76' title='bbox 457 1731 633 1807; x_wconf 80' lang='lat' dir='ltr'><strong>virgatorum</strong></span> <span class='ocrx_word' id='word_1_77' title='bbox 656 1730 693 1789; x_wconf 90' lang='lat' dir='ltr'><strong>de</strong></span> <span class='ocrx_word' id='word_1_78' title='bbox 717 1728 864 1789; x_wconf 86' lang='lat' dir='ltr'><strong>dominico</strong></span> <span class='ocrx_word' id='word_1_79' title='bbox 884 1728 1002 1788; x_wconf 88' lang='lat' dir='ltr'><strong>ecclesie</strong></span> <span class='ocrx_word' id='word_1_80' title='bbox 1021 1734 1052 1789; x_wconf 92' lang='lat' dir='ltr'><strong>et</strong></span> <span class='ocrx_word' id='word_1_81' title='bbox 1071 1731 1160 1790; x_wconf 88' lang='lat' dir='ltr'><strong>unius</strong></span> <span class='ocrx_word' id='word_1_82' title='bbox 1178 1732 1290 1811; x_wconf 81' lang='lat' dir='ltr'><strong>virgats</strong></span> 
     </span>
     <span class='ocr_line' id='line_1_12' title="bbox 189 1809 1290 1891; baseline 0 -18"><span class='ocrx_word' id='word_1_83' title='bbox 189 1834 278 1891; x_wconf 89' lang='lat' dir='ltr'><strong>quam</strong></span> <span class='ocrx_word' id='word_1_84' title='bbox 300 1812 430 1890; x_wconf 79' lang='lat' dir='ltr'><strong>Rogsrns</strong></span> <span class='ocrx_word' id='word_1_85' title='bbox 450 1811 552 1888; x_wconf 85' lang='lat' dir='ltr'><strong>Suayn</strong></span> <span class='ocrx_word' id='word_1_86' title='bbox 574 1814 655 1871; x_wconf 89' lang='lat' dir='ltr'><strong>tenet</strong></span> <span class='ocrx_word' id='word_1_87' title='bbox 679 1814 709 1870; x_wconf 90' lang='lat' dir='ltr'><strong>et</strong></span> <span class='ocrx_word' id='word_1_88' title='bbox 731 1810 820 1869; x_wconf 92' lang='lat' dir='ltr'><strong>nnius</strong></span> <span class='ocrx_word' id='word_1_89' title='bbox 840 1809 952 1887; x_wconf 80' lang='lat' dir='ltr'><strong>virgata</strong></span> <span class='ocrx_word' id='word_1_90' title='bbox 975 1828 1065 1887; x_wconf 89' lang='lat' dir='ltr'><strong>quam</strong></span> <span class='ocrx_word' id='word_1_91' title='bbox 1083 1812 1225 1872; x_wconf 87' lang='lat' dir='ltr'><strong>Ricardus</strong></span> <span class='ocrx_word' id='word_1_92' title='bbox 1248 1814 1290 1873; x_wconf 87' lang='lat' dir='ltr'><strong>fil’</strong></span> 
     </span>
     <span class='ocr_line' id='line_1_13' title="bbox 189 1889 1290 1969; baseline -0.001 -14"><span class='ocrx_word' id='word_1_93' title='bbox 189 1893 342 1955; x_wconf 87' lang='lat' dir='ltr'><strong>Hervvardi</strong></span> <span class='ocrx_word' id='word_1_94' title='bbox 355 1897 436 1953; x_wconf 88' lang='lat' dir='ltr'><strong>tenet</strong></span> <span class='ocrx_word' id='word_1_95' title='bbox 449 1896 479 1953; x_wconf 90' lang='lat' dir='ltr'><strong>et</strong></span> <span class='ocrx_word' id='word_1_96' title='bbox 492 1892 580 1953; x_wconf 87' lang='lat' dir='ltr'><strong>unius</strong></span> <span class='ocrx_word' id='word_1_97' title='bbox 593 1893 703 1969; x_wconf 82' lang='lat' dir='ltr'><strong>virgate</strong></span> <span class='ocrx_word' id='word_1_98' title='bbox 716 1910 805 1967; x_wconf 90' lang='lat' dir='ltr'><strong>quam</strong></span> <span class='ocrx_word' id='word_1_99' title='bbox 815 1890 942 1950; x_wconf 87' lang='lat' dir='ltr'><strong>Matilds</strong></span> <span class='ocrx_word' id='word_1_100' title='bbox 951 1889 1053 1952; x_wconf 85' lang='lat' dir='ltr'><strong>Comb&#39;</strong></span> <span class='ocrx_word' id='word_1_101' title='bbox 1063 1896 1145 1952; x_wconf 90' lang='lat' dir='ltr'><strong>tenet</strong></span> <span class='ocrx_word' id='word_1_102' title='bbox 1157 1898 1188 1952; x_wconf 91' lang='lat' dir='ltr'><strong>at</strong></span> <span class='ocrx_word' id='word_1_103' title='bbox 1201 1895 1290 1954; x_wconf 89' lang='lat' dir='ltr'><strong>unius</strong></span> 
     </span>
     <span class='ocr_line' id='line_1_14' title="bbox 189 1970 1291 2069; baseline 0 -34"><span class='ocrx_word' id='word_1_104' title='bbox 189 1975 300 2053; x_wconf 83' lang='lat' dir='ltr'><strong>virgata</strong></span> <span class='ocrx_word' id='word_1_105' title='bbox 310 1993 398 2053; x_wconf 89' lang='lat' dir='ltr'><strong>quam</strong></span> <span class='ocrx_word' id='word_1_106' title='bbox 411 1973 499 2051; x_wconf 83' lang='lat' dir='ltr'><strong>Hugo</strong></span> <span class='ocrx_word' id='word_1_107' title='bbox 509 1971 625 2049; x_wconf 77' lang='lat' dir='ltr'><strong>Auceps</strong></span> <span class='ocrx_word' id='word_1_108' title='bbox 635 1977 666 2034; x_wconf 91' lang='lat' dir='ltr'><strong>et</strong></span> <span class='ocrx_word' id='word_1_109' title='bbox 679 1970 858 2049; x_wconf 78' lang='lat' dir='ltr'><strong>Reginaldus</strong></span> <span class='ocrx_word' id='word_1_110' title='bbox 867 1970 1041 2049; x_wconf 89' lang='lat' dir='ltr'><strong>Pelliparius</strong></span> <span class='ocrx_word' id='word_1_111' title='bbox 1051 1977 1082 2034; x_wconf 90' lang='lat' dir='ltr'><strong>te</strong></span> <span class='ocrx_word' id='word_1_112' title='bbox 1092 1970 1151 2054; x_wconf 87' lang='lat' dir='ltr'><strong>[fo.</strong></span> <span class='ocrx_word' id='word_1_113' title='bbox 1162 1972 1208 2069; x_wconf 75' lang='lat'><strong>6⁸]</strong></span> <span class='ocrx_word' id='word_1_114' title='bbox 1218 1981 1291 2035; x_wconf 89' lang='lat' dir='ltr'><strong>nant</strong></span> 
     </span>
     <span class='ocr_line' id='line_1_15' title="bbox 190 2052 1290 2134; baseline 0 -18"><span class='ocrx_word' id='word_1_115' title='bbox 190 2057 321 2117; x_wconf 85' lang='lat' dir='ltr'><strong>etunius</strong></span> <span class='ocrx_word' id='word_1_116' title='bbox 335 2056 446 2131; x_wconf 82' lang='lat' dir='ltr'><strong>virgata</strong></span> <span class='ocrx_word' id='word_1_117' title='bbox 458 2073 547 2131; x_wconf 89' lang='lat' dir='ltr'><strong>quam</strong></span> <span class='ocrx_word' id='word_1_118' title='bbox 560 2053 710 2114; x_wconf 84' lang='lat' dir='ltr'><strong>Gilbertus</strong></span> <span class='ocrx_word' id='word_1_119' title='bbox 722 2052 763 2111; x_wconf 83' lang='lat' dir='ltr'><strong>fil&#39;</strong></span> <span class='ocrx_word' id='word_1_120' title='bbox 774 2052 929 2111; x_wconf 88' lang='lat' dir='ltr'><strong>Hervvardi</strong></span> <span class='ocrx_word' id='word_1_121' title='bbox 940 2057 1021 2112; x_wconf 87' lang='lat' dir='ltr'><strong>tenet</strong></span> <span class='ocrx_word' id='word_1_122' title='bbox 1034 2059 1064 2114; x_wconf 90' lang='lat' dir='ltr'><strong>et</strong></span> <span class='ocrx_word' id='word_1_123' title='bbox 1077 2054 1166 2113; x_wconf 88' lang='lat' dir='ltr'><strong>unius</strong></span> <span class='ocrx_word' id='word_1_124' title='bbox 1179 2061 1290 2134; x_wconf 84' lang='lat' dir='ltr'><strong>vrrgote</strong></span> 
     </span>
     <span class='ocr_line' id='line_1_16' title="bbox 190 2132 1291 2215; baseline 0 -18"><span class='ocrx_word' id='word_1_125' title='bbox 190 2156 278 2215; x_wconf 90' lang='lat' dir='ltr'><strong>quam</strong></span> <span class='ocrx_word' id='word_1_126' title='bbox 291 2137 436 2196; x_wconf 87' lang='lat' dir='ltr'><strong>Robertus</strong></span> <span class='ocrx_word' id='word_1_127' title='bbox 449 2134 565 2211; x_wconf 80' lang='lat' dir='ltr'><strong>Auceps</strong></span> <span class='ocrx_word' id='word_1_128' title='bbox 579 2138 608 2194; x_wconf 88' lang='lat' dir='ltr'><strong>et</strong></span> <span class='ocrx_word' id='word_1_129' title='bbox 621 2134 711 2211; x_wconf 86' lang='lat' dir='ltr'><strong>Hugo</strong></span> <span class='ocrx_word' id='word_1_130' title='bbox 726 2133 764 2192; x_wconf 91' lang='lat' dir='ltr'><strong>de</strong></span> <span class='ocrx_word' id='word_1_131' title='bbox 776 2132 806 2193; x_wconf 90' lang='lat' dir='ltr'><strong>la</strong></span> <span class='ocrx_word' id='word_1_132' title='bbox 820 2132 910 2193; x_wconf 89' lang='lat' dir='ltr'><strong>Haisa</strong></span> <span class='ocrx_word' id='word_1_133' title='bbox 919 2136 1021 2194; x_wconf 89' lang='lat' dir='ltr'><strong>tenent</strong></span> <span class='ocrx_word' id='word_1_134' title='bbox 1034 2139 1065 2194; x_wconf 92' lang='lat' dir='ltr'><strong>et</strong></span> <span class='ocrx_word' id='word_1_135' title='bbox 1078 2136 1167 2196; x_wconf 89' lang='lat' dir='ltr'><strong>unius</strong></span> <span class='ocrx_word' id='word_1_136' title='bbox 1179 2138 1291 2215; x_wconf 81' lang='lat' dir='ltr'><strong>virgata</strong></span> 
     </span>
     <span class='ocr_line' id='line_1_17' title="bbox 190 2214 1289 2296; baseline -0.001 -17"><span class='ocrx_word' id='word_1_137' title='bbox 190 2237 278 2296; x_wconf 88' lang='lat' dir='ltr'><strong>quam</strong></span> <span class='ocrx_word' id='word_1_138' title='bbox 292 2216 472 2277; x_wconf 89' lang='lat' dir='ltr'><strong>Willielmus</strong></span> <span class='ocrx_word' id='word_1_139' title='bbox 485 2214 617 2293; x_wconf 83' lang='lat' dir='ltr'><strong>Suening</strong></span> <span class='ocrx_word' id='word_1_140' title='bbox 629 2219 718 2276; x_wconf 90' lang='lat' dir='ltr'><strong>tenet.</strong></span> <span class='ocrx_word' id='word_1_141' title='bbox 760 2214 904 2275; x_wconf 73' lang='lat' dir='ltr'><strong>Consistit</strong></span> <span class='ocrx_word' id='word_1_142' title='bbox 917 2214 1007 2274; x_wconf 88' lang='lat' dir='ltr'><strong>eciam</strong></span> <span class='ocrx_word' id='word_1_143' title='bbox 1027 2216 1060 2275; x_wconf 91' lang='lat' dir='ltr'><strong>in</strong></span> <span class='ocrx_word' id='word_1_144' title='bbox 1073 2215 1169 2277; x_wconf 89' lang='lat' dir='ltr'><strong>tribus</strong></span> <span class='ocrx_word' id='word_1_145' title='bbox 1182 2219 1289 2277; x_wconf 79' lang='lat' dir='ltr'><strong>annma</strong></span> 
     </span>
     <span class='ocr_line' id='line_1_18' title="bbox 189 2294 1291 2375; baseline -0.001 -16"><span class='ocrx_word' id='word_1_146' title='bbox 189 2298 325 2359; x_wconf 87' lang='lat' dir='ltr'><strong>carecatis</strong></span> <span class='ocrx_word' id='word_1_147' title='bbox 339 2298 375 2357; x_wconf 91' lang='lat' dir='ltr'><strong>de</strong></span> <span class='ocrx_word' id='word_1_148' title='bbox 388 2297 455 2356; x_wconf 90' lang='lat' dir='ltr'><strong>feno</strong></span> <span class='ocrx_word' id='word_1_149' title='bbox 469 2296 683 2356; x_wconf 86' lang='lat' dir='ltr'><strong>monachorum.</strong></span> <span class='ocrx_word' id='word_1_150' title='bbox 725 2294 860 2355; x_wconf 87' lang='lat' dir='ltr'><strong>Vicarius</strong></span> <span class='ocrx_word' id='word_1_151' title='bbox 880 2299 978 2355; x_wconf 88' lang='lat' dir='ltr'><strong>autem</strong></span> <span class='ocrx_word' id='word_1_152' title='bbox 991 2296 1134 2357; x_wconf 83' lang='lat' dir='ltr'><strong>sinodalia</strong></span> <span class='ocrx_word' id='word_1_153' title='bbox 1146 2298 1291 2375; x_wconf 78' lang='lat' dir='ltr'><strong>persolvet</strong></span> 
     </span>
     <span class='ocr_line' id='line_1_19' title="bbox 190 2376 1291 2455; baseline -0.002 -15"><span class='ocrx_word' id='word_1_154' title='bbox 190 2390 220 2441; x_wconf 90' lang='lat' dir='ltr'><strong>et</strong></span> <span class='ocrx_word' id='word_1_155' title='bbox 231 2378 367 2439; x_wconf 79' lang='lat' dir='ltr'><strong>monachi</strong></span> <span class='ocrx_word' id='word_1_156' title='bbox 379 2378 541 2455; x_wconf 77' lang='lat' dir='ltr'><strong>hospitium</strong></span> <span class='ocrx_word' id='word_1_157' title='bbox 550 2376 756 2437; x_wconf 86' lang='lat' dir='ltr'><strong>Archidiaconi</strong></span> <span class='ocrx_word' id='word_1_158' title='bbox 768 2376 972 2453; x_wconf 87' lang='lat' dir='ltr'><strong>procurabunt.</strong></span> <span class='ocrx_word' id='word_1_159' title='bbox 1014 2376 1064 2437; x_wconf 80' lang='lat' dir='ltr'><strong>Ad</strong></span> <span class='ocrx_word' id='word_1_160' title='bbox 1074 2377 1213 2438; x_wconf 81' lang='lat' dir='ltr'><strong>fabricam</strong></span> <span class='ocrx_word' id='word_1_161' title='bbox 1221 2397 1291 2438; x_wconf 88' lang='lat' dir='ltr'><strong>vero</strong></span> 
     </span>
     <span class='ocr_line' id='line_1_20' title="bbox 191 2456 1291 2537; baseline -0.001 -16"><span class='ocrx_word' id='word_1_162' title='bbox 191 2461 311 2521; x_wconf 88' lang='lat' dir='ltr'><strong>cancelli</strong></span> <span class='ocrx_word' id='word_1_163' title='bbox 331 2464 361 2519; x_wconf 91' lang='lat' dir='ltr'><strong>et</strong></span> <span class='ocrx_word' id='word_1_164' title='bbox 385 2459 424 2519; x_wconf 87' lang='lat' dir='ltr'><strong>ad</strong></span> <span class='ocrx_word' id='word_1_165' title='bbox 447 2460 614 2519; x_wconf 87' lang='lat' dir='ltr'><strong>ornaments</strong></span> <span class='ocrx_word' id='word_1_166' title='bbox 638 2462 668 2517; x_wconf 93' lang='lat' dir='ltr'><strong>et</strong></span> <span class='ocrx_word' id='word_1_167' title='bbox 695 2456 785 2517; x_wconf 87' lang='lat' dir='ltr'><strong>libros</strong></span> <span class='ocrx_word' id='word_1_168' title='bbox 811 2461 873 2517; x_wconf 88' lang='lat' dir='ltr'><strong>tam</strong></span> <span class='ocrx_word' id='word_1_169' title='bbox 899 2458 1035 2518; x_wconf 90' lang='lat' dir='ltr'><strong>monachi</strong></span> <span class='ocrx_word' id='word_1_170' title='bbox 1059 2476 1147 2537; x_wconf 90' lang='lat' dir='ltr'><strong>quam</strong></span> <span class='ocrx_word' id='word_1_171' title='bbox 1166 2460 1291 2520; x_wconf 88' lang='lat' dir='ltr'><strong>vicarius</strong></span> 
     </span>
     <span class='ocr_line' id='line_1_21' title="bbox 191 2538 1090 2621; baseline -0.008 -18"><span class='ocrx_word' id='word_1_172' title='bbox 191 2540 443 2621; x_wconf 76' lang='lat' dir='ltr'><strong>proportionaliter</strong></span> <span class='ocrx_word' id='word_1_173' title='bbox 456 2538 605 2599; x_wconf 84' lang='lat' dir='ltr'><strong>conferent</strong></span> <span class='ocrx_word' id='word_1_174' title='bbox 617 2557 670 2617; x_wconf 91' lang='lat' dir='ltr'><strong>pro</strong></span> <span class='ocrx_word' id='word_1_175' title='bbox 683 2539 744 2599; x_wconf 88' lang='lat' dir='ltr'><strong>suis</strong></span> <span class='ocrx_word' id='word_1_176' title='bbox 757 2538 950 2615; x_wconf 73' lang='lat' dir='ltr'><strong>porcionibus</strong></span> <span class='ocrx_word' id='word_1_177' title='bbox 1087 2558 1090 2563; x_wconf 94' lang='lat'>·</span> 
     </span>
    </p>
   </div>
   <div class='ocr_carea' id='block_1_7' title="bbox 127 2696 1293 2860">
    <p class='ocr_par' dir='ltr' id='par_1_7' title="bbox 127 2696 1293 2860">
     <span class='ocr_line' id='line_1_22' title="bbox 127 2696 1293 2777; baseline -0.006 -9"><span class='ocrx_word' id='word_1_178' title='bbox 127 2697 132 2716; x_wconf 71' lang='lat'>⁸</span> <span class='ocrx_word' id='word_1_179' title='bbox 153 2724 156 2733; x_wconf 90' lang='grc'><strong>’</strong></span> <span class='ocrx_word' id='word_1_180' title='bbox 255 2712 421 2767; x_wconf 64' lang='lat' dir='ltr'><strong>inemtas</strong></span> <span class='ocrx_word' id='word_1_181' title='bbox 447 2700 564 2761; x_wconf 85' lang='lat' dir='ltr'><strong>Vicaria</strong></span> <span class='ocrx_word' id='word_1_182' title='bbox 576 2700 610 2759; x_wconf 91' lang='lat' dir='ltr'><strong>in</strong></span> <span class='ocrx_word' id='word_1_183' title='bbox 622 2700 741 2761; x_wconf 88' lang='lat' dir='ltr'><strong>ecclesia</strong></span> <span class='ocrx_word' id='word_1_184' title='bbox 753 2697 790 2759; x_wconf 89' lang='lat' dir='ltr'><strong>de</strong></span> <span class='ocrx_word' id='word_1_185' title='bbox 803 2696 925 2773; x_wconf 75' lang='lat' dir='ltr'><strong>Ilemer&#39;‚</strong></span> <span class='ocrx_word' id='word_1_186' title='bbox 936 2699 1071 2777; x_wconf 81' lang='lat' dir='ltr'><strong>priorisse</strong></span> <span class='ocrx_word' id='word_1_187' title='bbox 1084 2704 1114 2761; x_wconf 91' lang='lat' dir='ltr'><strong>at</strong></span> <span class='ocrx_word' id='word_1_188' title='bbox 1125 2699 1293 2763; x_wconf 88' lang='lat' dir='ltr'><strong>Conventui</strong></span> 
     </span>
     <span class='ocr_line' id='line_1_23' title="bbox 194 2780 1293 2860; baseline -0.004 -14"><span class='ocrx_word' id='word_1_189' title='bbox 194 2784 231 2845; x_wconf 90' lang='lat' dir='ltr'><strong>de</strong></span> <span class='ocrx_word' id='word_1_190' title='bbox 257 2783 397 2859; x_wconf 79' lang='lat' dir='ltr'><strong>Stodleya</strong></span> <span class='ocrx_word' id='word_1_191' title='bbox 425 2800 478 2859; x_wconf 89' lang='lat' dir='ltr'><strong>por</strong></span> <span class='ocrx_word' id='word_1_192' title='bbox 494 2782 654 2843; x_wconf 75' lang='lat' dir='ltr'><strong>&#39;dominum</strong></span> <span class='ocrx_word' id='word_1_193' title='bbox 688 2781 848 2859; x_wconf 81' lang='lat' dir='ltr'><strong>Hugonem</strong></span> <span class='ocrx_word' id='word_1_194' title='bbox 878 2780 1037 2840; x_wconf 88' lang='lat' dir='ltr'><strong>secundum</strong></span> <span class='ocrx_word' id='word_1_195' title='bbox 1065 2785 1096 2840; x_wconf 91' lang='lat' dir='ltr'><strong>et</strong></span> <span class='ocrx_word' id='word_1_196' title='bbox 1122 2781 1293 2860; x_wconf 72' lang='lat' dir='ltr'><strong>Capitulum</strong></span> 
     </span>
    </p>
   </div>
   <div class='ocr_carea' id='block_1_8' title="bbox 193 2861 461 2946">
    <p class='ocr_par' dir='ltr' id='par_1_8' title="bbox 193 2861 461 2946">
     <span class='ocr_line' id='line_1_24' title="bbox 193 2861 461 2946; baseline -0.004 -21"><span class='ocrx_word' id='word_1_197' title='bbox 193 2861 461 2946; x_wconf 63' lang='lat' dir='ltr'><strong>moro-[nansi</strong></span> 
     </span>
    </p>
   </div>
   <div class='ocr_carea' id='block_1_9' title="bbox 195 3022 1401 3429">
    <p class='ocr_par' dir='ltr' id='par_1_9' title="bbox 195 3022 1401 3429">
     <span class='ocr_line' id='line_1_25' title="bbox 195 3022 1401 3103; baseline -0.003 -13"><span class='ocrx_word' id='word_1_198' title='bbox 195 3025 197 3028; x_wconf 64' lang='grc'>’</span> <span class='ocrx_word' id='word_1_199' title='bbox 254 3034 475 3089; x_wconf 73' lang='grc' dir='ltr'><strong><em>νΙΕΝῠουΒΕ.</em></strong></span> <span class='ocrx_word' id='word_1_200' title='bbox 500 3022 618 3097; x_wconf 82' lang='lat' dir='ltr'><strong>Vicarip</strong></span> <span class='ocrx_word' id='word_1_201' title='bbox 631 3024 664 3083; x_wconf 91' lang='lat' dir='ltr'><strong>in</strong></span> <span class='ocrx_word' id='word_1_202' title='bbox 678 3023 796 3084; x_wconf 89' lang='lat' dir='ltr'><strong>ecclesia</strong></span> <span class='ocrx_word' id='word_1_203' title='bbox 809 3022 1025 3084; x_wconf 89' lang='lat' dir='ltr'><strong>dsWendoure</strong></span> <span class='ocrx_word' id='word_1_204' title='bbox 1037 3041 1095 3101; x_wconf 91' lang='lat' dir='ltr'><strong>qua</strong></span> <span class='ocrx_word' id='word_1_205' title='bbox 1108 3024 1293 3103; x_wconf 86' lang='lat' dir='ltr'><strong>estpriorisse</strong></span> <span class='ocrx_word' id='word_1_206' title='bbox 1395 3050 1401 3063; x_wconf 64' lang='lat'><strong><em>‘</em></strong></span> 
     </span>
     <span class='ocr_line' id='line_1_26' title="bbox 195 3104 1292 3169; baseline 0 -2"><span class='ocrx_word' id='word_1_207' title='bbox 195 3113 225 3168; x_wconf 90' lang='lat' dir='ltr'><strong>et</strong></span> <span class='ocrx_word' id='word_1_208' title='bbox 250 3107 419 3169; x_wconf 81' lang='lat' dir='ltr'><strong>Conventus</strong></span> <span class='ocrx_word' id='word_1_209' title='bbox 442 3105 478 3166; x_wconf 90' lang='grc'><strong>(11</strong></span> <span class='ocrx_word' id='word_1_210' title='bbox 500 3105 634 3166; x_wconf 86' lang='lat' dir='ltr'><strong>Suvverth</strong></span> <span class='ocrx_word' id='word_1_211' title='bbox 660 3124 698 3165; x_wconf 84' lang='lat' dir='ltr'><strong>ex</strong></span> <span class='ocrx_word' id='word_1_212' title='bbox 723 3104 837 3165; x_wconf 90' lang='lat' dir='ltr'><strong>dudum</strong></span> <span class='ocrx_word' id='word_1_213' title='bbox 864 3104 996 3164; x_wconf 88' lang='lat' dir='ltr'><strong>ordinata</strong></span> <span class='ocrx_word' id='word_1_214' title='bbox 1018 3105 1151 3165; x_wconf 89' lang='lat' dir='ltr'><strong>consistit</strong></span> <span class='ocrx_word' id='word_1_215' title='bbox 1173 3106 1207 3166; x_wconf 91' lang='lat' dir='ltr'><strong>in</strong></span> <span class='ocrx_word' id='word_1_216' title='bbox 1229 3110 1292 3167; x_wconf 88' lang='lat' dir='ltr'><strong>toto</strong></span> 
     </span>
     <span class='ocr_line' id='line_1_27' title="bbox 196 3185 1293 3265; baseline -0.002 -16"><span class='ocrx_word' id='word_1_217' title='bbox 196 3187 331 3265; x_wconf 82' lang='lat' dir='ltr'><strong>altaragio</strong></span> <span class='ocrx_word' id='word_1_218' title='bbox 352 3193 382 3246; x_wconf 91' lang='lat' dir='ltr'><strong>et</strong></span> <span class='ocrx_word' id='word_1_219' title='bbox 407 3186 440 3245; x_wconf 90' lang='lat' dir='ltr'><strong>in</strong></span> <span class='ocrx_word' id='word_1_220' title='bbox 466 3188 555 3246; x_wconf 89' lang='lat' dir='ltr'><strong>tercia</strong></span> <span class='ocrx_word' id='word_1_221' title='bbox 581 3190 662 3264; x_wconf 90' lang='lat' dir='ltr'><strong>parte</strong></span> <span class='ocrx_word' id='word_1_222' title='bbox 689 3186 798 3246; x_wconf 88' lang='lat' dir='ltr'><strong>decime</strong></span> <span class='ocrx_word' id='word_1_223' title='bbox 824 3186 977 3263; x_wconf 74' lang='lat' dir='ltr'><strong>garbarum</strong></span> <span class='ocrx_word' id='word_1_224' title='bbox 1006 3185 1043 3245; x_wconf 90' lang='lat' dir='ltr'><strong>da</strong></span> <span class='ocrx_word' id='word_1_225' title='bbox 1067 3190 1132 3246; x_wconf 89' lang='lat' dir='ltr'><strong>tota</strong></span> <span class='ocrx_word' id='word_1_226' title='bbox 1157 3188 1293 3265; x_wconf 84' lang='lat' dir='ltr'><strong>parochia</strong></span> 
     </span>
     <span class='ocr_line' id='line_1_28' title="bbox 196 3267 1293 3347; baseline 0.001 -19"><span class='ocrx_word' id='word_1_227' title='bbox 196 3268 394 3347; x_wconf 85' lang='lat' dir='ltr'><strong>provenientis</strong></span> <span class='ocrx_word' id='word_1_228' title='bbox 420 3271 450 3327; x_wconf 93' lang='grc'><strong>11</strong></span> <span class='ocrx_word' id='word_1_229' title='bbox 484 3268 640 3327; x_wconf 84' lang='lat' dir='ltr'><strong>sustinebit</strong></span> <span class='ocrx_word' id='word_1_230' title='bbox 666 3267 791 3327; x_wconf 85' lang='lat' dir='ltr'><strong>vicarius</strong></span> <span class='ocrx_word' id='word_1_231' title='bbox 825 3268 923 3327; x_wconf 87' lang='lat' dir='ltr'><strong>omnia</strong></span> <span class='ocrx_word' id='word_1_232' title='bbox 940 3284 1037 3327; x_wconf 90' lang='lat' dir='ltr'><strong>onera</strong></span> <span class='ocrx_word' id='word_1_233' title='bbox 1069 3267 1149 3327; x_wconf 87' lang='lat' dir='ltr'><strong>illius</strong></span> <span class='ocrx_word' id='word_1_234' title='bbox 1176 3268 1293 3329; x_wconf 88' lang='lat' dir='ltr'><strong>ecclesie</strong></span> 
     </span>
     <span class='ocr_line' id='line_1_29' title="bbox 195 3348 977 3429; baseline -0.004 -19"><span class='ocrx_word' id='word_1_235' title='bbox 195 3349 369 3429; x_wconf 88' lang='lat' dir='ltr'><strong>episcopalia</strong></span> <span class='ocrx_word' id='word_1_236' title='bbox 381 3352 411 3407; x_wconf 92' lang='lat' dir='ltr'><strong>et</strong></span> <span class='ocrx_word' id='word_1_237' title='bbox 424 3348 664 3409; x_wconf 86' lang='lat' dir='ltr'><strong>archidiaconalis</strong></span> <span class='ocrx_word' id='word_1_238' title='bbox 677 3348 775 3408; x_wconf 86' lang='lat' dir='ltr'><strong>debita</strong></span> <span class='ocrx_word' id='word_1_239' title='bbox 788 3352 819 3407; x_wconf 92' lang='lat' dir='ltr'><strong>et</strong></span> <span class='ocrx_word' id='word_1_240' title='bbox 831 3351 977 3408; x_wconf 86' lang='lat' dir='ltr'><strong>consueta</strong></span> 
     </span>
    </p>
   </div>
   <div class='ocr_carea' id='block_1_10' title="bbox 195 3507 1295 4157">
    <p class='ocr_par' dir='ltr' id='par_1_10' title="bbox 195 3507 1295 4157">
     <span class='ocr_line' id='line_1_30' title="bbox 257 3507 1295 3589; baseline -0.004 -13"><span class='ocrx_word' id='word_1_241' title='bbox 257 3519 606 3576; x_wconf 60' lang='lat' dir='ltr'><strong>retentationem.</strong></span> <span class='ocrx_word' id='word_1_242' title='bbox 633 3509 748 3570; x_wconf 82' lang='lat' dir='ltr'><strong>Vioaria</strong></span> <span class='ocrx_word' id='word_1_243' title='bbox 770 3509 804 3569; x_wconf 86' lang='lat' dir='ltr'><strong>in</strong></span> <span class='ocrx_word' id='word_1_244' title='bbox 826 3507 946 3569; x_wconf 87' lang='lat' dir='ltr'><strong>aeclesia</strong></span> <span class='ocrx_word' id='word_1_245' title='bbox 967 3508 1005 3569; x_wconf 91' lang='lat' dir='ltr'><strong>de</strong></span> <span class='ocrx_word' id='word_1_246' title='bbox 1025 3509 1134 3589; x_wconf 77' lang='lat' dir='ltr'><strong>Magno</strong></span> <span class='ocrx_word' id='word_1_247' title='bbox 1154 3509 1295 3572; x_wconf 89' lang='lat' dir='ltr'><strong>Kinebell</strong></span> 
     </span>
     <span class='ocr_line' id='line_1_31' title="bbox 196 3589 1295 3671; baseline -0.001 -18"><span class='ocrx_word' id='word_1_248' title='bbox 196 3612 254 3671; x_wconf 88' lang='lat' dir='ltr'><strong>qua</strong></span> <span class='ocrx_word' id='word_1_249' title='bbox 273 3596 317 3651; x_wconf 89' lang='lat' dir='ltr'><strong>set</strong></span> <span class='ocrx_word' id='word_1_250' title='bbox 336 3590 462 3651; x_wconf 88' lang='lat' dir='ltr'><strong>Abbatis</strong></span> <span class='ocrx_word' id='word_1_251' title='bbox 485 3595 516 3651; x_wconf 89' lang='lat' dir='ltr'><strong>et</strong></span> <span class='ocrx_word' id='word_1_252' title='bbox 536 3590 706 3651; x_wconf 78' lang='lat' dir='ltr'><strong>Conventus</strong></span> <span class='ocrx_word' id='word_1_253' title='bbox 730 3590 767 3651; x_wconf 90' lang='lat' dir='ltr'><strong>de</strong></span> <span class='ocrx_word' id='word_1_254' title='bbox 789 3589 966 3650; x_wconf 87' lang='lat' dir='ltr'><strong>Messenden</strong></span> <span class='ocrx_word' id='word_1_255' title='bbox 989 3593 1159 3652; x_wconf 88' lang='lat' dir='ltr'><strong>auctoritate</strong></span> <span class='ocrx_word' id='word_1_256' title='bbox 1179 3593 1295 3652; x_wconf 88' lang='lat' dir='ltr'><strong>concilii</strong></span> 
     </span>
     <span class='ocr_line' id='line_1_32' title="bbox 196 3671 1295 3748; baseline -0.001 -14"><span class='ocrx_word' id='word_1_257' title='bbox 196 3674 329 3734; x_wconf 76' lang='lat' dir='ltr'><strong>ordinata</strong></span> <span class='ocrx_word' id='word_1_258' title='bbox 342 3672 474 3732; x_wconf 89' lang='lat' dir='ltr'><strong>consistit</strong></span> <span class='ocrx_word' id='word_1_259' title='bbox 493 3672 527 3731; x_wconf 91' lang='lat' dir='ltr'><strong>in</strong></span> <span class='ocrx_word' id='word_1_260' title='bbox 546 3674 609 3731; x_wconf 86' lang='lat' dir='ltr'><strong>toto</strong></span> <span class='ocrx_word' id='word_1_261' title='bbox 628 3671 766 3748; x_wconf 78' lang='lat' dir='ltr'><strong>altaragio</strong></span> <span class='ocrx_word' id='word_1_262' title='bbox 784 3676 814 3731; x_wconf 88' lang='lat' dir='ltr'><strong>et</strong></span> <span class='ocrx_word' id='word_1_263' title='bbox 833 3671 867 3730; x_wconf 93' lang='lat' dir='ltr'><strong>in</strong></span> <span class='ocrx_word' id='word_1_264' title='bbox 886 3671 1021 3731; x_wconf 88' lang='lat' dir='ltr'><strong>omnibus</strong></span> <span class='ocrx_word' id='word_1_265' title='bbox 1040 3672 1163 3731; x_wconf 90' lang='lat' dir='ltr'><strong>minutis</strong></span> <span class='ocrx_word' id='word_1_266' title='bbox 1175 3672 1295 3733; x_wconf 76' lang='lat' dir='ltr'><strong>decimis</strong></span> 
     </span>
     <span class='ocr_line' id='line_1_33' title="bbox 195 3752 1295 3833; baseline 0 -20"><span class='ocrx_word' id='word_1_267' title='bbox 195 3772 335 3833; x_wconf 80' lang='lat' dir='ltr'><strong>agnorum</strong></span> <span class='ocrx_word' id='word_1_268' title='bbox 349 3758 379 3813; x_wconf 87' lang='grc'><strong>11</strong></span> <span class='ocrx_word' id='word_1_269' title='bbox 391 3752 546 3813; x_wconf 87' lang='lat' dir='ltr'><strong>medietate</strong></span> <span class='ocrx_word' id='word_1_270' title='bbox 559 3752 669 3814; x_wconf 91' lang='lat' dir='ltr'><strong>decime</strong></span> <span class='ocrx_word' id='word_1_271' title='bbox 681 3752 754 3813; x_wconf 88' lang='lat' dir='ltr'><strong>lane.</strong></span> <span class='ocrx_word' id='word_1_272' title='bbox 797 3752 940 3813; x_wconf 86' lang='lat' dir='ltr'><strong>Consistit</strong></span> <span class='ocrx_word' id='word_1_273' title='bbox 953 3752 1044 3812; x_wconf 88' lang='lat' dir='ltr'><strong>eciam</strong></span> <span class='ocrx_word' id='word_1_274' title='bbox 1053 3754 1087 3811; x_wconf 91' lang='lat' dir='ltr'><strong>in</strong></span> <span class='ocrx_word' id='word_1_275' title='bbox 1100 3752 1213 3813; x_wconf 87' lang='lat' dir='ltr'><strong>duabus</strong></span> <span class='ocrx_word' id='word_1_276' title='bbox 1222 3755 1295 3813; x_wconf 88' lang='lat' dir='ltr'><strong>acris</strong></span> 
     </span>
     <span class='ocr_line' id='line_1_34' title="bbox 196 3832 1295 3912; baseline 0 -17"><span class='ocrx_word' id='word_1_277' title='bbox 196 3841 271 3895; x_wconf 89' lang='lat' dir='ltr'><strong>terre</strong></span> <span class='ocrx_word' id='word_1_278' title='bbox 284 3853 343 3893; x_wconf 85' lang='lat' dir='ltr'><strong>una</strong></span> <span class='ocrx_word' id='word_1_279' title='bbox 356 3834 465 3893; x_wconf 84' lang='lat' dir='ltr'><strong>scilieet</strong></span> <span class='ocrx_word' id='word_1_280' title='bbox 478 3834 511 3892; x_wconf 91' lang='lat' dir='ltr'><strong>in</strong></span> <span class='ocrx_word' id='word_1_281' title='bbox 524 3851 584 3893; x_wconf 90' lang='lat' dir='ltr'><strong>nno</strong></span> <span class='ocrx_word' id='word_1_282' title='bbox 598 3852 698 3912; x_wconf 86' lang='lat' dir='ltr'><strong>campo</strong></span> <span class='ocrx_word' id='word_1_283' title='bbox 715 3838 746 3894; x_wconf 88' lang='lat' dir='ltr'><strong>et</strong></span> <span class='ocrx_word' id='word_1_284' title='bbox 764 3832 821 3893; x_wconf 86' lang='lat' dir='ltr'><strong>alia</strong></span> <span class='ocrx_word' id='word_1_285' title='bbox 838 3834 873 3892; x_wconf 90' lang='lat' dir='ltr'><strong>in</strong></span> <span class='ocrx_word' id='word_1_286' title='bbox 886 3833 944 3892; x_wconf 90' lang='lat' dir='ltr'><strong>alio</strong></span> <span class='ocrx_word' id='word_1_287' title='bbox 956 3838 987 3892; x_wconf 89' lang='lat' dir='ltr'><strong>et</strong></span> <span class='ocrx_word' id='word_1_288' title='bbox 1000 3852 1099 3893; x_wconf 88' lang='lat' dir='ltr'><strong>manso</strong></span> <span class='ocrx_word' id='word_1_289' title='bbox 1113 3838 1295 3912; x_wconf 88' lang='lat' dir='ltr'><strong>competente</strong></span> 
     </span>
     <span class='ocr_line' id='line_1_35' title="bbox 198 3915 1295 3991; baseline -0.001 -15"><span class='ocrx_word' id='word_1_290' title='bbox 198 3917 291 3976; x_wconf 90' lang='lat' dir='ltr'><strong>eidem</strong></span> <span class='ocrx_word' id='word_1_291' title='bbox 311 3915 417 3976; x_wconf 79' lang='lat' dir='ltr'><strong>vicarie</strong></span> <span class='ocrx_word' id='word_1_292' title='bbox 437 3915 580 3991; x_wconf 73' lang='lat' dir='ltr'><strong>assignato</strong></span> <span class='ocrx_word' id='word_1_293' title='bbox 600 3915 709 3974; x_wconf 88' lang='lat' dir='ltr'><strong>scilicet</strong></span> <span class='ocrx_word' id='word_1_294' title='bbox 729 3934 767 3973; x_wconf 85' lang='lat' dir='ltr'><strong>ex</strong></span> <span class='ocrx_word' id='word_1_295' title='bbox 787 3916 920 3991; x_wconf 90' lang='lat' dir='ltr'><strong>opposito</strong></span> <span class='ocrx_word' id='word_1_296' title='bbox 939 3917 1022 3990; x_wconf 88' lang='lat' dir='ltr'><strong>porte</strong></span> <span class='ocrx_word' id='word_1_297' title='bbox 1042 3915 1175 3974; x_wconf 89' lang='lat' dir='ltr'><strong>cimiterii</strong></span> <span class='ocrx_word' id='word_1_298' title='bbox 1195 3934 1295 3975; x_wconf 90' lang='lat' dir='ltr'><strong>versus</strong></span> 
     </span>
     <span class='ocr_line' id='line_1_36' title="bbox 197 3995 1294 4069; baseline -0.001 -12"><span class='ocrx_word' id='word_1_299' title='bbox 197 4002 334 4057; x_wconf 84' lang='lat' dir='ltr'><strong>austrum.</strong></span> <span class='ocrx_word' id='word_1_300' title='bbox 389 3995 429 4055; x_wconf 78' lang='lat' dir='ltr'><strong>Et</strong></span> <span class='ocrx_word' id='word_1_301' title='bbox 456 3996 550 4055; x_wconf 87' lang='lat' dir='ltr'><strong>solvet</strong></span> <span class='ocrx_word' id='word_1_302' title='bbox 582 3996 706 4055; x_wconf 88' lang='lat' dir='ltr'><strong>vicarius</strong></span> <span class='ocrx_word' id='word_1_303' title='bbox 739 3996 883 4055; x_wconf 74' lang='lat' dir='ltr'><strong>sinodalia</strong></span> <span class='ocrx_word' id='word_1_304' title='bbox 914 3999 1040 4069; x_wconf 90' lang='lat' dir='ltr'><strong>tantum,</strong></span> <span class='ocrx_word' id='word_1_305' title='bbox 1068 3996 1200 4056; x_wconf 87' lang='lat' dir='ltr'><strong>canonici</strong></span> <span class='ocrx_word' id='word_1_306' title='bbox 1225 4015 1294 4056; x_wconf 89' lang='lat' dir='ltr'><strong>vero</strong></span> 
     </span>
     <span class='ocr_line' id='line_1_37' title="bbox 198 4076 779 4157; baseline 0 -20"><span class='ocrx_word' id='word_1_307' title='bbox 198 4078 358 4157; x_wconf 88' lang='lat' dir='ltr'><strong>hospitium</strong></span> <span class='ocrx_word' id='word_1_308' title='bbox 370 4076 565 4137; x_wconf 88' lang='lat' dir='ltr'><strong>archidiaconi</strong></span> <span class='ocrx_word' id='word_1_309' title='bbox 576 4076 779 4155; x_wconf 86' lang='lat' dir='ltr'><strong>procurabunt.</strong></span> 
     </span>
    </p>
   </div>
   <div class='ocr_carea' id='block_1_11' title="bbox 259 4236 1298 4317">
    <p class='ocr_par' dir='ltr' id='par_1_11' title="bbox 259 4236 1298 4317">
     <span class='ocr_line' id='line_1_38' title="bbox 259 4236 1298 4317; baseline -0.005 -14"><span class='ocrx_word' id='word_1_310' title='bbox 259 4246 479 4303; x_wconf 76' lang='grc' dir='ltr'><strong>ΗΕΒΕΝΗΑΜ.</strong></span> <span class='ocrx_word' id='word_1_311' title='bbox 504 4236 621 4297; x_wconf 85' lang='lat' dir='ltr'><strong>Vicaria</strong></span> <span class='ocrx_word' id='word_1_312' title='bbox 633 4238 665 4297; x_wconf 90' lang='lat' dir='ltr'><strong>in</strong></span> <span class='ocrx_word' id='word_1_313' title='bbox 685 4237 804 4299; x_wconf 89' lang='lat' dir='ltr'><strong>ecclesia</strong></span> <span class='ocrx_word' id='word_1_314' title='bbox 822 4237 860 4297; x_wconf 89' lang='lat' dir='ltr'><strong>ds</strong></span> <span class='ocrx_word' id='word_1_315' title='bbox 873 4236 1049 4297; x_wconf 82' lang='lat' dir='ltr'><strong>Hedenham</strong></span> <span class='ocrx_word' id='word_1_316' title='bbox 1067 4257 1125 4317; x_wconf 91' lang='lat' dir='ltr'><strong>qua</strong></span> <span class='ocrx_word' id='word_1_317' title='bbox 1137 4242 1182 4298; x_wconf 92' lang='lat' dir='ltr'><strong>est</strong></span> <span class='ocrx_word' id='word_1_318' title='bbox 1194 4237 1298 4316; x_wconf 87' lang='lat' dir='ltr'><strong>prioris</strong></span> 
     </span>
    </p>
   </div>
   <div class='ocr_carea' id='block_1_12' title="bbox 199 4318 1296 4480">
    <p class='ocr_par' dir='ltr' id='par_1_12' title="bbox 199 4318 1296 4480">
     <span class='ocr_line' id='line_1_39' title="bbox 199 4318 1295 4397; baseline -0.002 -17"><span class='ocrx_word' id='word_1_319' title='bbox 199 4324 228 4380; x_wconf 88' lang='lat' dir='ltr'><strong>st</strong></span> <span class='ocrx_word' id='word_1_320' title='bbox 248 4320 419 4381; x_wconf 85' lang='lat' dir='ltr'><strong>Conventus</strong></span> <span class='ocrx_word' id='word_1_321' title='bbox 440 4318 477 4377; x_wconf 88' lang='lat' dir='ltr'><strong>ds</strong></span> <span class='ocrx_word' id='word_1_322' title='bbox 497 4318 655 4397; x_wconf 80' lang='lat' dir='ltr'><strong>Bolta&#39;m(l)</strong></span> <span class='ocrx_word' id='word_1_323' title='bbox 684 4338 722 4380; x_wconf 84' lang='lat' dir='ltr'><strong>ex</strong></span> <span class='ocrx_word' id='word_1_324' title='bbox 745 4318 858 4379; x_wconf 90' lang='lat' dir='ltr'><strong>dudum</strong></span> <span class='ocrx_word' id='word_1_325' title='bbox 877 4318 1010 4378; x_wconf 88' lang='lat' dir='ltr'><strong>ordinata</strong></span> <span class='ocrx_word' id='word_1_326' title='bbox 1028 4320 1161 4379; x_wconf 87' lang='lat' dir='ltr'><strong>consistit</strong></span> <span class='ocrx_word' id='word_1_327' title='bbox 1179 4320 1213 4378; x_wconf 92' lang='lat' dir='ltr'><strong>in</strong></span> <span class='ocrx_word' id='word_1_328' title='bbox 1232 4323 1295 4379; x_wconf 88' lang='lat' dir='ltr'><strong>toto</strong></span> 
     </span>
     <span class='ocr_line' id='line_1_40' title="bbox 199 4398 1296 4480; baseline -0.002 -19"><span class='ocrx_word' id='word_1_329' title='bbox 199 4402 335 4480; x_wconf 83' lang='lat' dir='ltr'><strong>altarcgio</strong></span> <span class='ocrx_word' id='word_1_330' title='bbox 353 4398 471 4460; x_wconf 87' lang='lat' dir='ltr'><strong>ecclesie</strong></span> <span class='ocrx_word' id='word_1_331' title='bbox 490 4399 528 4459; x_wconf 89' lang='lat' dir='ltr'><strong>ds</strong></span> <span class='ocrx_word' id='word_1_332' title='bbox 547 4399 722 4459; x_wconf 90' lang='lat' dir='ltr'><strong>Hedenham</strong></span> <span class='ocrx_word' id='word_1_333' title='bbox 745 4406 776 4461; x_wconf 92' lang='grc'><strong>11</strong></span> <span class='ocrx_word' id='word_1_334' title='bbox 798 4401 832 4459; x_wconf 89' lang='lat' dir='ltr'><strong>in</strong></span> <span class='ocrx_word' id='word_1_335' title='bbox 854 4404 917 4459; x_wconf 90' lang='lat' dir='ltr'><strong>tota</strong></span> <span class='ocrx_word' id='word_1_336' title='bbox 939 4398 1104 4477; x_wconf 88' lang='lat' dir='ltr'><strong>capellada</strong></span> <span class='ocrx_word' id='word_1_337' title='bbox 1125 4399 1296 4477; x_wconf 78' lang='lat' dir='ltr'><strong>Cudington</strong></span> 
     </span>
    </p>
   </div>
   <div class='ocr_carea' id='block_1_13' title="bbox 0 0 1616 5367">
    <p class='ocr_par' dir='ltr' id='par_1_13' title="bbox 0 0 1616 5367">
     <span class='ocr_line' id='line_1_41' title="bbox 0 0 1616 5367; baseline 0 0"><span class='ocrx_word' id='word_1_338' title='bbox 0 0 1616 5367; x_wconf 95' lang='lat' dir='ltr'><strong> </strong></span> 
     </span>
    </p>
   </div>
  </div>
 </body>
</html>
