3192 5367
618 522 777 589 undosis
798 533 923 589 wnnrs.
1281 520 1323 585 33

289 698 439 755 essm,
464 682 1324 761 VicariainecclesiadeEsssbyqussstabbatisstconvsn·

224 767 318 829 tusde
325 766 435 826 Alnsto
443 768 613 827 auctoritate
622 766 738 826 concilii
745 766 878 827 ordinata
885 765 1135 825 consistitintoto
1144 765 1282 845 altamgio
1292 774 1322 828 ct

224 851 258 910 in
277 850 290 909 i
308 849 420 925 virgata
439 852 513 907 terre
533 848 665 908 deterre
690 846 809 907 ecclesie
827 866 895 907 cum
914 846 1050 906 omnibus
1070 846 1189 907 decimis
1208 853 1239 908 st
1258 850 1323 909 aliis

225 930 411 1008 pertinenciis
424 929 485 989 suis
498 932 528 989 et
540 929 573 988 in
586 928 721 989 omnibus
738 928 858 988 decimis
875 928 913 989 ds
925 927 1020 987 tribus
1032 928 1152 1006 virgatis
1164 932 1239 989 torre
1251 950 1323 1009 quas

225 1012 336 1089 Halyas
348 1014 430 1071 tenet
442 1009 688 1087 provenientibus.
729 1006 794 1151 [gio
812 1006 886 1085 10b].
930 1008 1091 1068 Residunm
1104 1014 1202 1069 autem
1211 1010 1322 1071 habent

225 1093 298 1153 dicti
323 1092 460 1153 monachi
484 1091 517 1151 in
544 1091 668 1169 propriis
693 1110 740 1151 uss
759 1110 794 1151 us
820 1091 990 1151 auctoritate
1019 1090 1149 1152 flanatici
1174 1093 1322 1169 quondam

102 1234 103 1237 ,
223 1173 431 1235 Archidiaconi
446 1170 680 1251 Northampton'.

285 1370 417 1425 RODES.
442 1358 559 1420 Vicaria
571 1358 605 1419 in
617 1357 773 1419 medietate
792 1357 909 1419 ecclesio
922 1356 959 1417 do
972 1356 1069 1417 Rodss
1082 1376 1139 1437 que
1152 1363 1196 1420 est
1208 1360 1323 1420 abbatis

224 1447 255 1503 st
281 1446 442 1503 convontus
469 1440 499 1503 S.
522 1439 626 1501 Jacobi
648 1438 680 1499 N
681 1437 875 1518 orthampton'
899 1444 929 1500 st
955 1438 1035 1499 valet
1055 1458 1097 1501 xv
1120 1439 1205 1501 marc'
1228 1447 1324 1520 preter

204 1534 205 1539 ’
224 1524 394 1601 altamgium
406 1522 485 1601 quod
497 1522 577 1583 valet
589 1522 611 1599 ij
625 1518 711 1581 merc'
727 1516 850 1603 [blachi

286 1718 465 1775 ΡΒΕΘΤΟΝ.
491 1708 609 1769 Vicaria
628 1710 662 1769 in
686 1708 806 1769 ccclesia
827 1707 865 1767 ds
884 1706 1008 1767 Preston
1031 1725 1089 1785 quc
1108 1711 1153 1767 est
1171 1706 1276 1785 prioris
1295 1715 1326 1771 st

225 1796 386 1855 conventus
400 1788 430 1850 S.
446 1788 563 1851 Andree
576 1788 802 1867 Northempton'
815 1789 987 1850 anctoritate
1006 1788 1122 1849 concilii
1135 1790 1268 1850 ordinas
1281 1796 1325 1851 est

225 1874 259 1933 in
276 1873 357 1931 hunc
381 1870 508 1932 modum
549 1872 685 1931 Vicarius
697 1870 819 1931 habebit
831 1871 950 1930 nornine
962 1874 1100 1948 perpetus
1112 1870 1218 1931 vicarie
1230 1877 1326 1932 totum

226 1954 396 2030 eltamgium
419 1956 450 2012 st
473 1952 599 2013 decimas
624 1952 755 2013 valentes
782 1950 890 2029 viginti
915 1956 974 2011 tras
1002 1951 1111 2012 solidos
1137 1970 1249 2013 annuos
1276 1972 1328 2032 per

225 2034 459 2110 archidiaconum
479 2034 667 2111 assignandos
685 2033 719 2092 in
732 2037 810 2092 carto
832 2032 896 2092 loco
909 2050 976 2091 cum
988 2051 1089 2093 manso
1102 2038 1284 2112 competente
1296 2039 1327 2094 st

224 2115 344 2175 habebit
358 2134 542 2175 communem
558 2118 675 2193 pastore
693 2118 805 2191 quanta
824 2113 950 2190 pertinet
969 2114 1007 2173 ad
1019 2113 1031 2172 i
1044 2115 1186 2191 virgatam
1206 2121 1281 2175 terre
1295 2121 1325 2175 st

225 2196 319 2258 solvet
328 2196 452 2256 vicarius
460 2196 602 2261 sinodalia
612 2199 728 2256 tantum
737 2194 873 2255 monachi
882 2212 950 2255 varo
958 2195 1121 2273 hospicium
1131 2196 1326 2257 archidiaconi

224 2277 428 2357 procurabunt.

288 2479 452 2535 Ηοῃτοκ,
491 2464 609 2524 Vicaria
631 2464 665 2523 in
688 2462 807 2523 ecelesia
829 2462 866 2523 ds
887 2462 1003 2523 Horten
1023 2482 1080 2540 que
1099 2467 1144 2523 est
1163 2462 1277 2523 abbatis
1296 2470 1327 2524 st

225 2552 386 2607 conventus
414 2544 443 2606 S.
468 2545 573 2606 Jacobi
599 2542 827 2622 Northampton'
850 2544 1022 2603 auctoritate
1048 2544 1165 2603 concilii
1191 2544 1325 2605 ordinata

225 2626 541 2688 estinhuncmodum.
572 2626 707 2686 Vicarius
716 2624 1326 2703 habsbitnominsperpstuevicariototnm

224 2707 395 2785 altaragium
415 2726 481 2768 cum
501 2725 601 2767 manso
621 2710 803 2786 competente
822 2711 853 2766 st
875 2706 1028 2765 dimidiam
1053 2724 1179 2765 marcam
1198 2726 1326 2768 annuam

224 2789 257 2849 in
283 2794 360 2850 certo
386 2788 449 2849 loco
468 2788 670 2869 assignandam
690 2807 742 2865 per
760 2786 994 2847 archidiaconum
1020 2791 1051 2848 st
1070 2787 1164 2846 solvet
1182 2788 1325 2848 sinodalia

223 2875 347 2931 tantum.
379 2870 521 2932 Canonici
532 2889 601 2931 vero
614 2870 778 2948 hospicium
791 2868 986 2929 archidiaconi
998 2868 1201 2946 procurabunt

287 3070 498 3127 ΒΒΑΜΡΕυῠ,
525 3056 642 3117 Vicaria
661 3056 695 3115 in
714 3055 834 3116 ecclesia
854 3055 891 3115 de
903 3054 1062 3116 Bramfeud
1080 3073 1139 3132 qus
1158 3059 1203 3115 est
1220 3056 1324 3133 prioris

224 3142 255 3199 et
271 3143 431 3199 conventus
451 3138 481 3199 S.
497 3136 613 3199 Andrus
626 3137 658 3197 N
659 3138 854 3214 orthampton’
867 3137 1036 3197 auctoritate
1056 3137 1171 3196 concilii
1191 3138 1323 3199 ordinata

224 3225 269 3279 est
282 3221 331 3279 sic.
373 3218 509 3279 Vicarius
521 3219 642 3279 habebit
655 3218 773 3278 nomine
783 3221 921 3295 perpetue
930 3218 1037 3277 vicarie
1046 3222 1143 3277 totum
1152 3218 1323 3296 alturagium

224 3318 291 3361 cum
303 3300 457 3378 principali
470 3300 564 3379 legato
577 3304 607 3359 et
622 3303 728 3359 terrem
744 3298 862 3359 ecclesis
874 3299 908 3357 in
921 3298 1067 3359 dominico
1080 3304 1110 3358 et
1123 3301 1252 3360 serviciis
1265 3319 1322 3377 que
1407 3317 1413 3326 ·’

223 3382 322 3442 valent
335 3400 388 3459 per
399 3400 510 3441 annum
522 3380 560 3441 ad
573 3380 671 3441 minus
690 3380 765 3457 xvjs,
782 3398 849 3439 cum
868 3398 969 3439 manso
989 3385 1171 3457 competente
1184 3388 1215 3441 et
1227 3381 1322 3443 solvet

223 3462 365 3523 sinodalia
374 3466 508 3523 tantum:
521 3462 656 3523 monachi
664 3478 735 3522 vero
744 3461 909 3538 hospicium
915 3460 1110 3522 archidiaconi
1116 3462 1319 3540 procurabunt.

285 3664 405 3719 ΡΑηνΑ
431 3664 626 3720 ΗοοΗτοΝ,
670 3648 787 3709 Vicaria
799 3649 833 3709 in
845 3648 963 3709 ccclesia
975 3649 1012 3710 ds
1026 3648 1120 3711 Parva
1133 3650 1252 3711 Hocton
1264 3669 1322 3728 que

223 3736 268 3793 est
280 3731 437 3792 eorundem
450 3732 619 3817 auctoritate
632 3730 749 3793 concilii
760 3730 894 3792 ordinata
907 3728 1029 3813 [dissolri

157 3956 161 3965 ·
285 3932 635 3989 ΗΑΒῠΙΝΘΕεΤΗΟΒΝ.
675 3916 791 3979 Vicaria
812 3918 846 3978 in
869 3918 992 3979 ecclesis
1007 3917 1044 3978 do
1066 3917 1320 3996 Hardingssthom

222 4020 280 4079 que
302 4004 347 4060 est
370 3999 527 4059 eorundem
548 3998 717 4061 auctoritate
744 4000 862 4060 concilii
888 4000 1020 4060 ordinata
1043 4000 1176 4060 consistit
1199 4000 1233 4059 in
1255 4004 1319 4061 toto

220 4081 358 4158 altamgio
370 4084 466 4158 preter
478 4099 567 4159 agnos
580 4084 610 4139 ct
623 4082 656 4141 in
669 4082 681 4141 i
693 4081 807 4158 virgata
817 4085 892 4141 tsrrs
905 4099 972 4140 cum
981 4081 1208 4157 pertinenciisin
1218 4082 1318 4141 eadem

220 4162 381 4224 villastin
400 4162 550 4239 sexaginta
568 4162 659 4223 travia
678 4162 759 4223 bladi
778 4162 816 4223 ds
836 4160 967 4239 quolibet
986 4160 1073 4221 blado
1093 4161 1130 4220 ab
1145 4162 1209 4239 ipso
1222 4163 1317 4239 priore

219 4242 414 4323 percipiendis
427 4242 586 4303 annuatim
