3192 5367
280 592 344 657 100
664 608 770 663 unna
790 553 968 674 eunucus

279 755 548 822 (lcacberdclierche
566 757 758 835 quadraginta
776 776 892 831 marcas,
914 758 951 817 de
970 756 1090 817 ecclesia
1109 756 1146 817 de
1160 755 1377 835 Grehingeham

280 847 397 902 centum
409 838 525 913 solidos,
539 838 577 899 de
589 839 708 899 ecclesia
719 838 757 899 de
770 838 890 901 Stilton'
903 843 1021 899 cantum
1033 838 1151 913 solidos,
1162 838 1199 898 de
1212 838 1329 899 ccclesia
1338 838 1377 897 de

279 918 426 982 Wnbnrn’
451 920 620 997 quindecim
645 940 761 995 mareau
789 920 938 981 habendae
967 924 998 979 et
1026 919 1207 998 recipiendas
1240 919 1277 979 de
1303 920 1377 995 ipsis

279 1004 407 1065 ecclesiis
419 1020 486 1061 cum
499 1003 631 1079 proximo
644 1002 811 1063 vacaverint
824 1001 977 1061 annuatim
985 1001 1018 1059 in
1028 1007 1152 1077 quatuor
1161 1002 1232 1060 anni
1246 999 1377 1059 temnis

280 1104 333 1163 per
343 1102 449 1143 uranus
461 1102 559 1143 eornm
571 1084 624 1160 qni
643 1102 696 1161 pro
715 1088 845 1160 tempore
857 1084 935 1161 ipsas
954 1083 1086 1142 ecclesias
1101 1083 1247 1142 tenuerint
1260 1100 1311 1159 par
1323 1098 1377 1139 nos

281 1172 312 1227 et
330 1182 504 1225 mccesaorea
524 1170 636 1223 nostros
656 1164 709 1241 qui
726 1163 763 1223 de
775 1164 847 1241 ipsis
860 1163 987 1223 ecclesiis
1000 1168 1030 1223 et
1043 1164 1179 1223 omnibns
1192 1161 1378 1240 pertinenciis

281 1266 379 1307 earum
392 1246 579 1323 disponam
588 1249 618 1304 et
627 1244 825 1304 ordinabimus
835 1263 887 1322 pro
897 1246 1049 1306 voluntate
1058 1250 1157 1304 nostra
1164 1245 1378 1321 imperpetuum

281 1329 371 1388 libere
380 1332 411 1387 et
419 1327 517 1404 quiete
526 1331 557 1387 et
565 1326 674 1403 absque
684 1326 765 1385 omni
775 1325 950 1386 condicione.
989 1325 1378 1403 Salvcpredictecommune

280 1409 398 1470 ecclesie
416 1408 498 1467 Linc'
518 1407 635 1467 redditu
652 1412 810 1467 memorato
830 1407 982 1467 annuatim
1001 1406 1038 1465 de
1057 1405 1173 1465 eudem.
1216 1404 1378 1466 statuimus

281 1495 380 1551 autem
404 1488 484 1567 quod
510 1488 709 1565 unnsquisque
734 1506 834 1547 eorum
866 1488 918 1565 qui
951 1506 1152 1565 quamcunque
1184 1487 1379 1564 predictarum

280 1571 464 1631 ecclesiarum
484 1569 611 1629 tenuerit
631 1574 666 1628 ut
686 1568 798 1629 dictum
819 1572 864 1628 eet
885 1572 1095 1627 sacramentum
1118 1568 1206 1627 faciat
1229 1566 1379 1627 fidelitatis

281 1653 401 1712 Decanc
426 1654 458 1711 et
483 1649 621 1727 Capitale
647 1648 730 1709 Linc’
756 1649 793 1709 de
820 1648 937 1709 redditu
964 1649 1094 1728 predicto
1121 1650 1233 1725 integre
1259 1652 1290 1707 et
1315 1647 1379 1707 sine

281 1732 478 1793 diminudm
490 1732 588 1808 aliqua
606 1731 738 1791 beminis
757 1730 819 1790 suis
838 1730 1037 1808 persolvendo,
1059 1730 1245 1791 decernentes
1261 1729 1380 1806 insuper

281 1814 362 1892 quod
384 1814 410 1873 si
432 1813 538 1891 aliquis
560 1812 690 1890 ipsorum
712 1812 858 1872 maliciose
877 1816 977 1872 contu
996 1812 1052 1871 hoc
1064 1829 1195 1888 unquam
1207 1810 1306 1871 venire
1318 1828 1380 1888 pre-

281 1894 438 1973 sumpserit
461 1900 492 1954 et
514 1894 657 1969 legittime
679 1894 872 1953 commonitus
894 1893 928 1954 id
950 1892 1101 1953 emendare
1123 1892 1259 1967 noluerit,
1282 1892 1381 1969 ipsum

281 1976 396 2035 tamdiu
421 1975 459 2035 ab
485 1974 580 2033 officio
602 1979 634 2033 et
655 1974 796 2035 beneficio
819 1974 882 2034 iore
904 1992 1076 2051 suspensum
1099 1973 1191 2034 donec
1211 1992 1299 2051 super
1321 1971 1380 2031 hiis

281 2055 959 2133 satisfeceritcompatante13maiorieciampena
965 2054 1219 2131 iaciendumjuxta
1228 2053 1379 2113 arbitrium

282 2141 447 2197 neumarum
462 2132 530 2218 [cic]
553 2140 584 2195 et
609 2154 804 2195 successorum
829 2141 1000 2196 nostrorum.
1044 2136 1078 2197 si
1103 2155 1166 2195 non
1190 2136 1232 2195 sic
1259 2152 1381 2194 errorem

281 2237 368 2279 snum
390 2218 528 2277 duxerint
541 2216 748 2293 corrigendum.
791 2216 879 2293 Quod
891 2222 926 2277 ut
938 2222 1034 2277 ratum
1047 2220 1077 2277 et
1090 2217 1206 2277 iinnum
1215 2218 1381 2293 permaneat
1412 2276 1419 2286 ,

281 2302 636 2459 ‘diffluunt
647 2298 1120 2457 mutilium?
1126 2296 1380 2455 iiiiii&

282 2461 331 2523 W.
361 2460 574 2521 Axchidiacono
600 2459 691 2534 Linc'‚
720 2459 756 2520 G.
785 2460 965 2534 Precentore,
993 2461 1105 2538 Rogare
1133 2459 1320 2533 Cancellario,
1349 2458 1379 2518 J.

283 2542 476 2616 Subdecan03
495 2542 532 2602 R.
550 2539 771 2619 Nochampton',
786 2541 821 2601 R.
844 2542 948 2614 Hunt',
972 2541 1002 2602 J.
1022 2540 1184 2614 Beddfcrd’,
1206 2546 1236 2600 et
1256 2540 1381 2617 Hugone

284 2624 391 2697 stowe,
400 2622 623 2697 archidiaconis3
635 2622 785 2699 Magistris
795 2622 843 2682 W.
853 2621 892 2681 ffl’
901 2622 1039 2682 Fulccnis
1052 2626 1083 2682 et
1095 2622 1157 2683 Ric'
1166 2622 1204 2681 de
1217 2619 1379 2694 Lindvvud',

284 2704 335 2764 W.
349 2704 463 2777 Blu'do‚
484 2704 524 2765 H.
539 2702 697 2779 Burgund',
711 2703 748 2763 R.
770 2703 808 2764 de
827 2702 965 2776 Bristoll',
985 2702 1096 2762 Th0ma
1117 2703 1153 2763 de
1166 2701 1338 2775 Fickerton',
1353 2707 1382 2760 et

287 2785 316 2848 S.
333 2786 370 2845 de
384 2784 501 2847 Ciceetr'
515 2784 680 2861 capellanie,
690 2784 739 2843 W.
755 2784 793 2843 de
804 2781 900 2857 Aual',
914 2784 948 2844 P.
961 2784 997 2844 de
1010 2783 1118 2860 Hungs,
1133 2784 1281 2861 Magistrie
1294 2782 1330 2842 R.
1346 2782 1382 2841 de

287 2867 411 2940 Grauel',
422 2872 453 2927 et
463 2865 511 2927 W.
524 2865 561 2924 da
572 2864 662 2939 Linc',
673 2865 707 2925 P.
718 2864 755 2924 de
767 2864 862 2938 Bath',
878 2869 908 2924 et
920 2865 954 2924 P.
965 2864 1002 2924 de
1015 2864 1228 2937 Ohevremont’,
1238 2863 1383 2923 canonicis

285 2948 387 3023 Linc'3
405 2948 442 3008 R.
464 2947 501 3006 de
520 2945 614 3006 Warr’
633 2947 771 3005 canonico
791 2944 898 3021 Well'3
918 2944 1066 3021 Magistris
1086 2944 1135 3005 W.
1152 2944 1189 3005 de
1202 2944 1287 3005 Cant’
1301 2949 1330 3005 et
1343 2943 1381 3003 A.

286 3029 324 3088 de
337 3029 456 3106 Buged',
467 3028 516 3088 W.
528 3027 566 3086 de
578 3026 706 3100 Winch'‚
720 3026 756 3087 R.
772 3026 810 3087 de
823 3026 887 3101 0x’,
902 3031 932 3086 el
946 3026 1063 3087 Olivcrc
1077 3026 1115 3085 de
1128 3025 1248 3099 Chedn',
1264 3025 1382 3085 clericis.

286 3109 355 3169 Dat'
378 3130 431 3188 per
451 3127 571 3169 manum
593 3112 722 3167 nostram
744 3108 778 3167 in
799 3108 887 3187 pleno
911 3108 1039 3187 capitulo
1061 3106 1194 3169 Lincoln’
1208 3107 1257 3168 die
1279 3106 1385 3185 pasche

284 3190 472 3270 pont'ncstri
484 3208 562 3251 anno
577 3188 739 3249 undecimo.
943 3188 948 3201 “

346 3364 618 3421 ΑΡΡΒΟΡΒΙΑΟΙΟ
628 3350 665 3411 dc
679 3350 923 3413 Wcatraccadala
968 3350 1126 3411 &discolo
1135 3349 1243 3411 accam
1250 3348 1383 3426 ajacem.

348 3434 493 3494 Omnibus
507 3434 555 3493 bc.
595 3431 720 3493 Noverit
738 3432 912 3493 universitas
924 3435 1020 3493 vestra
1032 3452 1086 3493 nos
1099 3432 1137 3492 de
1149 3450 1268 3492 assensu
1280 3430 1386 3509 Rogeri

288 3515 401 3576 Decani
420 3520 450 3575 et
470 3514 601 3591 Capituli
619 3514 713 3573 nostri
728 3514 810 3574 Linc'
823 3513 924 3574 divine
947 3514 1065 3591 pietatis
1087 3514 1200 3574 intuitu
1223 3512 1336 3572 dedisse
1356 3515 1386 3571 et

290 3596 461 3657 concessise
474 3595 588 3656 dilectis
607 3595 640 3653 in
654 3593 772 3655 Christo
785 3594 898 3656 Abbati
916 3600 946 3655 et
959 3593 1128 3655 Conventui
1147 3594 1185 3655 de
1197 3593 1280 3654 Bello
1293 3593 1387 3652 Portu

289 3677 438 3737 ecclesiam
452 3677 488 3737 de
500 3675 587 3736 West
600 3676 767 3737 Raveudale
779 3677 813 3736 in
825 3675 959 3754 proprios
974 3694 1044 3735 usus
1061 3695 1161 3737 eorum
1173 3677 1387 3753 imperpetuum

289 3758 523 3819 convertendam.
564 3757 652 3817 Salva
664 3762 803 3835 perpetue
812 3758 919 3817 vicaria
928 3775 1016 3835 quam
1026 3756 1384 3818 ordinavimusineadem.

290 3840 459 3900 Statuentes
471 3838 547 3899 utia
566 3838 619 3915 qui
637 3856 691 3915 pro
710 3844 839 3916 tempore
858 3843 1013 3915 perpetuus
1033 3839 1157 3899 vicarius
1175 3837 1264 3897 fuerit
1276 3836 1387 3897 ibidem

289 3920 431 3999 percipiat
450 3920 568 3996 nomine
587 3920 679 3997 ipsius
701 3920 806 3981 vicarie
829 3938 960 3979 annuum
983 3919 1071 3979 unius
1095 3919 1227 3979 canonici
1245 3920 1388 3979 victuma

288 4002 427 4081 predictis
447 4000 602 4063 canonicis
621 4004 651 4060 et
674 4018 772 4060 unam
786 4019 912 4061 marcam
934 4018 1061 4061 annuam
1085 3999 1123 4059 ad
1145 4000 1286 4061 vestitum
1308 3999 1387 4077 apud

288 4084 375 4145 West
386 4082 562 4144 Revendale.
606 4080 670 4159 Ipsi
689 4086 787 4141 autem
801 4081 942 4144 canonici
961 4082 1059 4142 omnia
1078 4100 1165 4141 onera
1177 4081 1257 4141 illius
1270 4081 1388 4141 ecclesie

287 4165 432 4225 ordinaria
458 4159 653 4224 sustinebunt.
710 4156 807 4224 Salvis
833 4163 923 4223 eciam
949 4162 983 4223 in
1009 4162 1145 4223 omuibus
1178 4162 1388 4239 episcopalibus

288 4246 548 4306 consuetudinibus
573 4246 620 4304 irc.
679 4242 766 4320 Quod
791 4248 827 4307 ut
859 4248 1028 4323 perpetuam
1060 4244 1191 4320 optineat
1222 4243 1389 4303 firmitatem

291 4328 419 4403 presenti
431 4328 539 4405 acnptc
552 4325 681 4405 sigillum
699 4330 834 4385 nostrum
848 4344 909 4386 una
928 4344 994 4385 cum
1014 4325 1109 4403 sigillo
1122 4324 1246 4402 predicti
1259 4324 1390 4402 Capituli

292 4408 385 4470 nostri
400 4407 484 4471 Linc'
496 4408 635 4470 duximus
647 4406 862 4487 apponendum.
904 4406 974 4467 Hiis
986 4406 1121 4468 Testibus
1134 4406 1247 4485 Rogerc
1260 4406 1388 4483 Decano,
