3192 5367
623 612 779 667 decorus
801 612 927 667 vanis.
1279 594 1322 662 37

287 764 537 833 οΗΑυουΜΒἙ,
577 761 692 823 Vioarie
710 760 744 821 in
764 760 883 821 ecclesia
904 758 1077 838 parrochiali
1096 758 1133 820 de
1153 760 1324 823 Obaucumb

228 864 284 923 que
308 849 352 905 est
374 844 479 921 prioris
502 847 533 903 et
558 846 718 904 conventus
744 840 856 902 ibidem
881 842 1052 902 auctoritate
1076 842 1192 902 concilii
1215 844 1257 904 sic
1280 848 1326 903 est

228 926 368 987 ordinate.
413 926 477 1001 [Fe.
492 921 566 1001 lili]
585 992 587 997 Α
609 924 743 985 Vicerius
761 922 883 983 habebit
901 922 1019 982 nomine
1038 922 1144 982 vicarie
1161 943 1212 984 sne
1225 924 1326 985 sibiet

227 1007 329 1068 elerico
343 1026 395 1067 suo
409 1008 495 1083 quern
508 1005 661 1066 invenient
680 1005 838 1065 necessaria
854 1005 950 1064 victus
962 1004 995 1063 in
1007 1004 1136 1081 prioratu
1148 1025 1215 1065 cum
1228 1006 1327 1065 debita

163 1112 178 1131 -·
227 1089 379 1149 honestate
398 1092 429 1149 et
448 1086 520 1147 duas
545 1104 655 1147 mercae
674 1104 726 1163 pro
753 1085 907 1163 stipendiis
933 1104 1000 1145 cum
1018 1104 1120 1145 manso
1146 1091 1327 1166 competente

228 1175 311 1229 extra
328 1174 442 1247 portam
462 1168 612 1245 prioratus
654 1166 786 1227 Habebit
805 1167 896 1226 eciam
914 1165 1073 1226 secuudum
1089 1167 1218 1243 legatum
1235 1186 1326 1245 usqne

228 1250 266 1311 ad
293 1269 346 1310 sex
372 1250 504 1311 denanos
530 1254 561 1309 et
587 1247 667 1326 qnod
692 1248 884 1308 ultra'iuerit
909 1247 967 1325 ipsi
993 1247 1125 1307 canonici
1148 1254 1178 1308 et
1203 1248 1328 1309 vicarius

229 1331 434 1392 dimidiabunt
475 1330 553 1391 Item
578 1328 699 1390 habebit
719 1329 752 1389 in
772 1334 896 1405 quatuor
921 1328 1130 1407 principalibus
1156 1330 1239 1390 iestis
1257 1330 1329 1389 anni

229 1412 393 1475 oblaciones
405 1431 473 1473 suas
485 1411 594 1471 scilieet
607 1410 639 1471 N
639 1410 704 1471 ataI’
717 1409 842 1469 Domini
854 1410 887 1486 iij
902 1410 1035 1470 denarios
1048 1410 1097 1471 die
1106 1410 1217 1471 Pesche
1230 1411 1283 1487 ijd
1298 1414 1329 1470 et

229 1498 352 1571 ubsque
375 1494 497 1554 aliorum
520 1492 661 1553 festorum
684 1492 725 1554 id.
750 1496 780 1551 et
806 1496 935 1568 preterea
956 1490 997 1550 id.
1023 1510 1090 1551 cnm
1113 1510 1217 1569 cerpus
1240 1492 1330 1551 luerit

229 1594 354 1652 presens
396 1574 492 1635 Iidem
517 1592 586 1635 vero
619 1572 751 1633 canonici
782 1572 936 1633 invenient
961 1572 1069 1632 vicario
1090 1572 1266 1650 palefridum
1291 1572 1331 1632 ad

230 1654 579 1733 sinodumadcapitulam
587 1654 1094 1714 etadinfirmcscumiueritnecesse
1104 1657 1134 1714 et
1143 1653 1331 1714 sustinebunt

231 1737 329 1797 omnia
342 1756 428 1798 onera
439 1736 520 1797 illiue
533 1735 658 1821 ecclesie.

292 1912 473 1973 pnfisvou,
512 1898 630 1958 Viearia
649 1898 683 1958 in
703 1896 822 1957 ecclesia
841 1896 878 1957 de
898 1896 1022 1958 Preston
1040 1915 1098 1975 que
1117 1902 1162 1958 est
1176 1896 1282 1977 prioris
1301 1901 1332 1959 et

232 1986 393 2042 conventus
406 1978 548 2040 Deventr’
568 1979 738 2039 auctoritate
759 1978 876 2039 concilii
894 1980 937 2038 sic
956 1984 1001 2038 est
1014 1980 1154 2039 ordinata
1195 1979 1332 2040 Vicarius

231 2062 353 2122 habebit
372 2062 490 2121 nomine
509 2060 615 2122 vicarie
635 2078 686 2120 sue
706 2064 802 2120 totum
821 2060 992 2138 alturagium
1011 2064 1042 2120 et
1054 2060 1180 2121 decimas
1200 2061 1332 2122 valentes

232 2143 331 2220 xxiiia
353 2161 465 2203 annuos
484 2161 537 2220 per
554 2140 801 2203 Archidiaconum
825 2141 1013 2218 assignandos
1032 2142 1065 2201 in
1084 2147 1162 2202 certo
1180 2144 1245 2203 loeo
1262 2161 1332 2202 uum

233 2243 333 2285 manso
361 2226 550 2301 competente.
605 2222 647 2282 Et
679 2222 801 2283 habebit
833 2241 1018 2283 communem
1045 2228 1163 2302 pastura
1189 2228 1333 2301 quantum

233 2306 359 2383 pertinet
392 2306 430 2365 ed
462 2323 552 2365 unam
583 2305 725 2381 virgatam
758 2308 839 2364 terre.
902 2304 944 2364 Et
969 2305 1105 2365 monachi
1137 2305 1334 2383 procurabunt

233 2386 396 2465 hospicium
415 2386 623 2447 Archidiaceni
642 2390 671 2445 et
690 2385 816 2446 vicarius
834 2384 929 2446 solvet
949 2386 1098 2446 sinodalia.

297 2562 474 2616 ΚΑΠΕΒΥ.
513 2548 630 2609 Vicaria
644 2548 678 2608 in
693 2546 866 2625 parrochiali
881 2548 1000 2608 ecclesia
1015 2547 1053 2608 de
1068 2548 1202 2625 Katteby
1218 2551 1333 2625 quaest

235 2630 406 2690 monialium
415 2629 525 2689 ibidem
533 2629 665 2689 ordinate
675 2634 718 2689 est
728 2630 805 2688 sicut
813 2629 920 2689 vicena
928 2629 965 2688 de
974 2625 1161 2689 Chancumbe
1168 2648 1203 2688 eo
1211 2634 1333 2707 excepte

234 2712 315 2789 quod
324 2710 373 2770 hic
383 2710 532 2770 sufficiunt
541 2710 649 2771 vicario
659 2729 701 2770 xv
710 2708 797 2769 solidi
807 2729 859 2788 pro
870 2709 1024 2787 stipendiis
1034 2715 1064 2769 et
1074 2714 1202 2789 preterea
1210 2709 1333 2770 habebit

234 2792 358 2854 vicarius
368 2792 560 2853 obveneiones
574 2795 603 2851 et
616 2791 811 2851 confessiones
822 2792 856 2851 in
869 2790 1068 2869 quadraginta.

296 2967 525 3023 ετΑνΕητοΝ,
561 2952 849 3014 Vicariainecciesia
857 2952 1336 3031 deStavertonqueestpricriset

237 3039 397 3096 conventus
410 3034 447 3093 de
459 3032 601 3095 Deventi’
615 3034 746 3095 ordinata
758 3034 791 3093 in
804 3035 885 3094 hunc
904 3034 1031 3096 modum.
1068 3034 1203 3096 Vicarius
1215 3034 1337 3094 hebebit

237 3117 356 3177 nomine
377 3114 483 3176 vicarie
512 3134 563 3175 sne
586 3120 683 3175 totum
704 3115 876 3194 altataginm
898 3116 980 3177 illius
1002 3116 1120 3175 ecclesie
1146 3135 1213 3176 cnm
1235 3134 1336 3175 manso

237 3202 419 3275 competente
440 3196 579 3257 solvendo
597 3196 740 3257 sinodalia
759 3200 789 3257 et
810 3196 945 3257 monachi
964 3197 1161 3275 procurabunt
1173 3197 1335 3276 hospicium

239 3278 445 3365 Archidiacom
458 3282 488 3337 et
501 3278 558 3339 alia
571 3297 657 3339 onera
670 3278 770 3339 debite
782 3283 814 3339 et
826 3282 964 3339 coneneie
977 3279 1173 3339 sustinebunt

300 3452 503 3509 ῠΑνΕΝΤΒΕ.
530 3439 647 3500 Vicetia
656 3440 688 3499 in
699 3438 816 3500 ecclesie
831 3439 1003 3517 parrochiali
1016 3440 1053 3501 de
1066 3440 1208 3502 Deventr’
1220 3459 1277 3517 qne
1291 3444 1336 3500 est

237 3522 342 3601 prioris
364 3524 394 3580 et
417 3524 578 3581 conventus
600 3521 711 3581 ibidem
733 3522 904 3599 anctoritate
927 3522 1043 3581 condlii
1064 3522 1098 3582 in
1117 3523 1196 3582 hunc
1216 3520 1335 3581 modum

239 3602 398 3663 ordinetur.
439 3601 573 3661 Viearius
582 3601 703 3663 habebit
716 3603 834 3663 nemine
847 3603 953 3663 vicarie
966 3622 1017 3663 sue
1030 3603 1131 3663 sibiet
1143 3603 1270 3681 garcioni
1282 3621 1335 3661 suo

239 3682 397 3745 necessaria
408 3682 504 3777 victus
516 3684 549 3743 in
562 3684 691 3778 prioratu
704 3702 771 3743 cum
784 3684 884 3744 debita
896 3684 1046 3745 honestate
1059 3689 1090 3744 et
1108 3704 1198 3744 unam
1210 3702 1336 3743 mmcam

239 3783 372 3907 tffttt
385 3764 1111 3924 ttutditzidptltfflttttlt
1130 3765 1335 3906 &ialal

240 3927 372 3989 Habebit
385 3927 475 3987 seiam
490 3946 590 3987 omnes
607 3928 766 4005 peticiones
785 3947 852 3989 suae
869 3934 900 3987 et
918 3928 1052 3988 denarios
1066 3928 1196 3988 missales
1209 3946 1262 4005 pre
1274 3931 1338 3986 tota
1394 3951 1397 3954 “

238 4007 388 4087 parrochie
420 4008 458 4069 de
490 4008 631 4071 Deventr’
664 4013 759 4086 preter
790 4027 880 4088 quam
911 4009 945 4068 in
971 4008 1111 4069 Weleton
1136 4028 1203 4069 eum
1236 4026 1338 4067 manso

240 4092 422 4167 competente
441 4094 524 4150 extra
542 4094 656 4167 portam
675 4090 827 4168 prioratus
868 4089 933 4168 Ipsi
947 4109 1016 4151 vero
1036 4090 1172 4151 monachi
1184 4090 1338 4150 invenient

240 4170 347 4232 vicario
361 4170 440 4231 dicto
462 4170 615 4231 diacum
639 4176 669 4231 et
691 4172 789 4231 omnia
812 4190 899 4232 onere
916 4170 997 4232 illins
1010 4171 1128 4232 eeclesia
1140 4171 1335 4232 sustinebunt.

241 4252 372 4313 Habebit
384 4256 482 4312 eutem
494 4252 618 4313 vicarius
638 4252 818 4330 capellanum
838 4253 949 4313 socium
967 4254 1000 4313 in
1020 4253 1130 4331 capelle
1149 4252 1186 4313 de
1199 4251 1338 4312 Weleton

240 4334 379 4394 continue
390 4352 442 4410 per
454 4333 551 4411 ipsum
563 4333 778 4395 ministrantem
791 4334 843 4413 qui
855 4333 975 4411 quidem
987 4334 1152 4412 capellanus
1169 4332 1290 4393 habebit
1303 4332 1336 4408 iij

242 4432 351 4477 marces
364 4418 440 4475 certo
453 4414 518 4475 loco
531 4414 716 4493 maignandas
726 4420 756 4476 et
765 4416 925 4495 peticiones
937 4420 967 4476 et
980 4415 1113 4477 donamus
1126 4432 1195 4476 snos
1207 4412 1337 4473 missales
