3192 5367
629 541 786 597 nucoius
808 542 933 596 unum.
1207 510 1209 513 ’
1311 530 1332 593 9

297 700 483 757 usnemu.
510 691 627 752 Vicaiia
645 692 678 752 in
700 692 818 753 ecelesia
839 691 876 753 de
895 690 1027 766 Merstcn
1048 710 1106 770 que
1125 693 1171 751 est
1189 691 1334 755 dictorum

234 773 343 834 Prioris
363 779 393 833 et
412 773 584 836 Conventus
604 773 633 834 S.
650 772 848 833 Fretheswide
871 773 1042 833 auctoritate
1064 772 1180 832 concilii
1200 772 1334 835 ordinata

235 855 368 915 consistit
390 855 423 913 in
447 854 583 914 omnibus
606 853 834 915 obvencionibus
854 854 953 913 altaris
977 872 1044 913 cnm
1067 854 1190 913 minutis
1213 854 1334 917 decimis

235 935 325 995 totins
338 934 472 1013 parochie
485 940 516 994 et
534 934 567 994 in
587 934 707 995 decimis
728 934 811 994 bladi
832 939 862 993 et
883 933 945 994 feni
987 934 1205 994 revenientibua
1223 934 1262 996 de
1274 954 1334 997 una

235 1017 347 1093 virgata
360 1021 435 1075 terre
447 1017 480 1075 in
497 1016 597 1075 eadem
615 1016 688 1075 villa
708 1016 819 1075 seilicet
840 1035 928 1092 quam
946 1016 958 1091 [
984 1035 1009 1075 o.
1026 1012 1071 1097 3⁸]
1093 1015 1234 1077 Osbertus
1254 1017 1334 1079 tilius

235 1096 388 1157 Henwerdi
401 1101 489 1158 tenet
534 1096 665 1157 Habebit
674 1098 764 1157 eciam
777 1096 901 1156 vicarius
914 1096 1016 1155 domos
1025 1103 1055 1156 et
1065 1096 1174 1156 curiam
1183 1098 1334 1175 inquibus

234 1177 399 1254 capellanus
408 1196 524 1239 manere
533 1176 651 1238 solebat.
693 1177 1070 1239 Etvaletviceriavmerc'.
1112 1176 1334 1243 Total'ecclesia

233 1260 308 1335 xviij
324 1259 419 1319 marc’.
460 1258 501 1319 Et
522 1258 629 1319 sciend’
649 1277 816 1337 expressum
838 1258 929 1318 fuisse
952 1258 985 1318 in
1008 1258 1193 1318 ordinacione
1211 1260 1334 1321 istarum

233 1337 323 1399 trium
343 1340 513 1401 cicadarum
534 1345 563 1399 et
583 1340 690 1400 vicaria
708 1338 775 1419 (sic)
789 1338 827 1398 de
845 1338 1023 1399 Fuechewell
1041 1339 1121 1417 quod
1139 1340 1196 1400 sub
1215 1342 1334 1403 nomine

123 1434 126 1442 ·
211 1428 214 1433 '
233 1420 412 1481 minutam
438 1421 614 1483 decimarum
640 1440 702 1483 non
727 1421 915 1481 continentur
937 1420 1048 1481 decime
1070 1420 1135 1482 feni
1153 1440 1207 1481 seu
1226 1423 1334 1483 molen·

233 1500 376 1563 dinomm

293 1672 487 1729 SGlPLAOH.
513 1662 631 1725 Vicetia
649 1663 682 1722 in
702 1662 822 1723 ecclesia
840 1660 878 1721 de
891 1661 1028 1740 Sciplach
1047 1682 1105 1741 que
1117 1668 1163 1724 est
1176 1661 1291 1725 abbatis
1304 1671 1334 1726 et

233 1744 405 1807 Conventus
424 1744 461 1805 de
481 1744 656 1808 Messenden
677 1744 848 1804 auctoritate
867 1743 983 1825 concilii
1002 1743 1135 1804 erhusto
1153 1746 1286 1805 consistit
1300 1747 1334 1806 in

233 1830 296 1887 toto
309 1825 445 1903 altamgio
457 1825 537 1886 illius
557 1826 674 1886 ecclesie
693 1824 773 1902 quod
792 1823 871 1885 valet
890 1843 911 1884 v
930 1824 1016 1884 marc’
1032 1844 1098 1884 cum
1117 1844 1219 1885 manso
1238 1826 1334 1888 uniue¹
1362 1892 1365 1898 ,

233 1927 297 1968 acre
310 1907 337 1966 ei
350 1907 521 1983 assignando
535 1912 565 1967 et
578 1906 995 1967 cumunaaeraterreinuno
1008 1906 1335 1983 campoetsiiainalic

234 2007 351 2066 campo:
365 1994 394 2047 et
403 1987 496 2048 solvet
503 1988 628 2048 vicarius
638 1986 780 2047 sinodalia
789 1991 905 2046 tantum
915 2008 923 2047 ε
932 1986 1011 2047 dicti
1017 1987 1156 2048 Abbaaet
1164 1988 1335 2049 Conventus

193 2081 195 2085 ’
232 2068 395 2147 hospicium
403 2068 815 2145 Archidiaconiprocmabunt
837 2068 1335 2145 Decapellaautemdelethebmch

232 2152 381 2227 provisum
404 2155 448 2210 est
471 2150 631 2227 quodnisi
654 2149 791 2210 dominus
814 2148 1047 2209 deLethebroeh
1070 2149 1172 2211 induci
1188 2152 1280 2228 possit
1299 2157 1335 2211 ut

232 2232 364 2292 inveniat
387 2231 545 2291 necessaria
568 2230 715 2309 capellano
738 2230 791 2307 qui
813 2228 924 2290 ibidem
943 2238 996 2307 pen
1014 2231 1178 2308 predictum
1192 2232 1335 2292 vicarium

233 2312 352 2373 debebit
361 2313 524 2373 ministrare
532 2312 656 2390 predicti
665 2310 766 2372 Abbes
776 2317 806 2371 et
814 2311 984 2372 Conventus
993 2330 1059 2371 cum
1068 2311 1189 2372 consilio
1197 2313 1335 2390 Episcopi

233 2392 271 2453 de
283 2413 336 2454 suo
359 2399 476 2454 tantum
498 2394 532 2453 in
554 2397 743 2473 augmentum
755 2392 861 2453 vicarie
872 2392 1001 2470 predicte
1020 2398 1169 2470 apponent
1182 2388 1244 2475 [ut]
1257 2411 1334 2453 unus

232 2474 398 2553 capellanus
430 2476 463 2535 in
496 2474 575 2535 dicta
607 2472 717 2553 capella
750 2472 967 2535 &ahbatum
1006 2479 1202 2553 competenter
1240 2475 1334 2553 pessit

231 2558 396 2619 sustentari

294 2727 532 2783 ΚΑνΕΒΒΗΑΜ.
558 2716 675 2777 Viearia
687 2716 720 2777 in
733 2716 853 2777 ecclesia
864 2716 902 2775 de
911 2714 1073 2776 Kau’sham
1085 2734 1144 2793 que
1153 2719 1198 2776 est
1207 2714 1334 2778 Abbatis

233 2806 263 2861 et
286 2800 457 2861 Conventus
482 2798 519 2857 de
538 2797 682 2874 Noteleya
704 2802 739 2858 ut
761 2798 887 2858 habetur
908 2798 942 2856 in
962 2796 1155 2873 inquisicicne
1177 2798 1334 2859 consistere

232 2882 323 2959 possit
336 2882 370 2939 in
382 2880 611 2941 obvenoionibus
631 2879 729 2959 attans
749 2884 778 2939 et
797 2878 919 2939 minutis
935 2877 1055 2937 decimis
1068 2883 1098 2937 et
1110 2878 1144 2937 in
1156 2876 1276 2938 decimis
1296 2879 1333 2939 de

232 2963 345 3024 duabus
358 2961 437 3021 hidis
449 2979 522 3037 quaa
535 2958 681 3020 Radulius
691 2960 811 3037 juvenis
823 2963 905 3020 tenet
924 2964 955 3019 et
973 2958 1007 3018 in
1024 2958 1145 3019 decimis
1158 2964 1232 3019 terre
1244 2978 1334 3039 quam

232 3044 331 3104 relicta
344 3042 380 3103 G.
396 3042 552 3106 Gameraaii
571 3046 652 3101 tenet
672 3060 739 3101 cum
758 3060 859 3101 manao
875 3040 947 3100 olim
960 3040 1090 3118 personis
1102 3040 1251 3118 deputato.
1292 3042 1333 3102 Et

232 3124 312 3186 valet
324 3124 430 3185 vicarie
443 3124 486 3183 vii
498 3122 591 3183 marc’.
635 3122 727 3182 Total’
740 3128 838 3185 autem
851 3122 970 3181 ecclesia
981 3140 1046 3181 m
1058 3122 1152 3181 marc'.

295 3292 563 3349 ΜΑΡΕιῠυΒΑΜ.
589 3282 706 3345 Vicetia
725 3284 759 3343 in
778 3284 897 3344 ecclesia
920 3282 957 3343 da
983 3282 1185 3360 Mapelduram
1211 3302 1268 3363 qna
1288 3290 1333 3344 eat

232 3366 388 3428 Abbatisse
401 3372 430 3425 et
443 3366 614 3425 monialium
623 3366 660 3425 de
673 3366 769 3425 Fonte
781 3364 904 3424 Ebsoldi
916 3368 951 3423 ut
964 3363 1088 3423 habetur
1098 3364 1132 3422 in
1141 3364 1334 3442 inquisicicne

232 3446 364 3509 consistit
377 3448 409 3507 in
422 3451 484 3506 toto
498 3446 634 3523 altamgio
648 3466 714 3506 cum
727 3446 850 3505 minutis
860 3446 980 3505 decimis
989 3451 1128 3504 etmanso
1141 3450 1330 3523 competente.

231 3530 272 3590 Et
294 3530 389 3589 solvet
412 3528 536 3588 vicarius
558 3527 701 3587 sinodalia
722 3531 867 3587 tantum..
889 3524 1034 3586 Moniales
1051 3530 1150 3586 autem
1168 3525 1333 3606 hospicium

231 3610 438 3673 Archidisconi
449 3607 653 3687 procurabunt
695 3608 736 3669 Et
748 3606 856 3668 sufficit
868 3606 912 3667 ibi
924 3626 1001 3667 unus
1013 3606 1186 3686 capellanus

292 3780 440 3837 mutuo.
466 3768 584 3831 Vicetia
607 3770 641 3831 in
664 3768 783 3830 ecclesia
806 3769 843 3829 de
862 3768 975 3846 Garing
998 3786 1055 3845 que
1078 3754 1282 3829 est'Priorisae
1301 3773 1332 3829 et

231 3854 403 3915 monialium
423 3852 533 3914 ibidem
546 3852 663 3930 provise
682 3856 726 3910 ast
745 3850 779 3910 iu
798 3849 878 3911 hunc
892 3850 1022 3909 modum.
1062 3848 1198 3911 Vicarius
1210 3849 1332 3909 hebebit

231 3936 349 3995 nomine
362 3940 500 4012 perpetue
512 3934 619 3994 vicarie
632 3950 683 3992 sue
704 3950 804 3991 omnes
824 3931 989 3991 oblaciones
1006 3929 1105 3991 altana
1118 3950 1185 3990 cum
1195 3931 1331 3990 omnibus

231 4016 334 4095 legatis
354 4021 384 4075 et
403 4033 518 4074 omnem
542 4014 684 4075 decimam
707 4012 783 4072 casei
805 4017 836 4071 et
857 4030 993 4071 mansum
1015 4016 1227 4089 competentem
1251 4016 1332 4071 extra

231 4098 374 4158 ambitum
387 4096 531 4173 prioratus
550 4113 617 4156 oum
636 4113 696 4154 una
719 4112 784 4153 acre
806 4097 881 4153 terre
900 4093 933 4151 in
953 4111 1013 4151 uno
1032 4111 1134 4170 campo
1154 4092 1254 4153 atalia
1267 4110 1332 4152 acra

231 4182 305 4239 terre
318 4179 351 4237 in
364 4178 421 4237 alio
435 4196 543 4253 compo.
580 4176 621 4236 Et
632 4176 726 4235 solvet
739 4174 865 4235 vicanus
877 4172 1019 4233 sinodalia
1031 4178 1157 4233 tantum.
1187 4173 1332 4233 Monialea

232 4278 300 4319 vero
320 4258 357 4318 de
376 4258 442 4319 eliis
464 4256 625 4319 honesibus,
643 4253 710 4336 (stc)
729 4254 955 4333 respondebunt.
997 4254 1039 4314 Et
1064 4253 1172 4315 sufficit
1190 4254 1234 4315 ibi
1253 4272 1331 4313 unus

232 4340 403 4419 capenam
