3192 5367
610 577 767 644 nodosis
789 578 915 633 wius.
1030 531 1033 539 Ι
1271 567 1312 631 99

215 720 402 807 patronorum
421 726 539 787 ecclesie
558 725 595 787 de
607 725 760 803 Borgheby
773 730 803 785 et
816 725 941 787 Walteri
960 727 997 787 de
1012 726 1167 805 Kentilup’
1180 730 1311 805 ejusdem

216 810 333 870 ecclesie
345 828 467 887 persone
479 808 579 869 divine
591 809 708 885 pietatis
718 808 830 867 intuitu
843 808 956 867 dedisse
969 814 999 868 et
1012 809 1183 871 concessisse
1197 810 1309 873 dilectis

215 893 249 951 in
262 891 380 952 Christo
393 891 463 949 filiis
476 889 614 950 iratribus
627 888 657 949 S.
672 889 824 949 Trinitatis
840 894 921 949 extra
935 889 966 948 N
967 890 1145 966 orhampton'
1159 891 1311 953 dimidiam

215 991 341 1033 mercam
353 973 466 1048 argenti
483 972 516 1030 in
535 970 647 1048 prefata
666 970 785 1029 ecclesis
805 969 841 1029 de
854 969 1006 1049 Bergheby
1019 971 1142 1047 singulis
1161 974 1245 1033 annis
1259 994 1312 1051 per

217 1072 338 1113 manum
363 1053 456 1130 ipsius
478 1070 598 1129 persone
620 1055 650 1110 et
677 1070 870 1111 suceessorum
896 1070 1013 1111 snorum
1037 1052 1154 1112 nomine
1177 1057 1311 1132 perpetui

216 1135 351 1194 beneficii
382 1136 596 1212 imperpetuum
628 1132 666 1191 ed
699 1132 841 1192 Pasehsm
874 1132 1095 1210 percipiendam.
1148 1134 1245 1195 Salvis
1278 1136 1311 1196 in

217 1216 361 1276 omuibus
403 1215 491 1291 Quod
509 1218 548 1275 ιιι
562 1218 738 1291 perpetuam
780 1213 916 1274 Testibus
935 1219 965 1276 et
985 1214 1054 1276 Dat’
1074 1219 1108 1275 ιιι
1128 1234 1214 1294 supra
1235 1222 1313 1278 easta

218 1298 321 1374 quinte
334 1296 372 1356 ab
385 1296 449 1356 iste

279 1470 458 1525 Εοοιεειε
477 1456 513 1516 de
532 1456 699 1517 Wrotestea
712 1423 927 1531 appropriceio.

278 1538 424 1599 Omnibus
436 1538 484 1598 dc.
525 1537 649 1598 Noverit
661 1537 834 1598 universitas
847 1542 943 1599 vestra
956 1556 1011 1598 nos
1025 1538 1062 1599 de
1075 1556 1193 1599 assensu
1207 1539 1315 1618 Rogeri

217 1620 330 1680 Decani
350 1623 379 1679 et
400 1618 530 1695 Capituli
549 1619 642 1678 nostri
662 1617 744 1678 Linc'
764 1618 864 1679 divine
884 1620 1000 1696 pietatis
1019 1620 1132 1679 intuitu
1152 1620 1264 1681 dedisse
1285 1626 1315 1681 et

191 1713 195 1720 '
218 1700 389 1761 concessisse
412 1699 527 1759 dilectis
548 1700 582 1759 iu
605 1698 722 1759 Christo
742 1698 812 1758 filiis
835 1700 930 1759 Priori
953 1706 984 1759 et
1002 1700 1168 1761 Conventni
1190 1702 1260 1761 Loci
1282 1703 1312 1765 S.

218 1782 312 1842 Maris
325 1780 362 1841 de
374 1779 559 1841 Wrolrestan’
572 1780 720 1841 ecclesiam
739 1780 932 1858 parochialem
952 1781 988 1840 da
1002 1780 1186 1841 Wrolrestan’
1201 1802 1257 1860 que
1278 1784 1314 1843 de

218 1882 317 1923 eorum
330 1862 521 1922 advocacione
534 1862 623 1921 estin
636 1856 767 1938 proprios
780 1880 850 1921 usus
869 1863 1082 1940 imperpetuum
1102 1864 1312 1940 possidendam.

218 1944 307 2005 Salva
333 1942 510 2019 competenti
534 1942 642 2003 vicaria
666 1962 796 2019 pernes
822 1943 978 2003 incudem
1002 1944 1162 2003 ordinanda
1181 1949 1211 2019 et
1235 1946 1316 2006 selva

218 2025 356 2084 Michaeli
366 2024 451 2083 Belet
459 2043 580 2101 persone
589 2024 681 2100 ipsius
691 2023 808 2083 ecclesie
818 2024 913 2101 quoad
923 2026 1029 2085 vixerit
1039 2026 1218 2103 possessione
1228 2046 1316 2103 quam

218 2106 306 2166 habet
318 2106 352 2165 in
364 2105 473 2165 eadem.
516 2104 612 2167 Salvis
634 2105 723 2163 eciam
742 2105 776 2163 iu
789 2106 924 2165 omnibus
942 2106 1151 2183 episcopalibus
1165 2113 1316 2167 consuetu-

218 2187 337 2246 dinibus
361 2188 407 2246 ιιι
450 2185 536 2261 Quod
559 2190 594 2245 ut
616 2190 784 2263 perpetuam
807 2188 853 2247 dc.
897 2187 1031 2247 Testibus
1051 2187 1162 2264 Rogero
1187 2188 1315 2263 Deceno,

219 2268 351 2327 Gslfrido
373 2268 553 2343 Precentore,
578 2266 636 2342 da,
659 2271 805 2345 utsupra
826 2268 860 2327 in
886 2273 1067 2329 sortesorte
1090 2269 1127 2329 ab
1149 2269 1215 2343 ista,
1239 2289 1316 2331 anno

221 2349 339 2409 decimo.

281 2525 362 2578 xxx
388 2519 504 2578 ΜΑιισ
524 2510 559 2569 de
577 2509 694 2570 ecckeia
714 2511 749 2569 de
768 2511 923 2571 Netelbcm
942 2515 970 2571 et
989 2512 1048 2571 elie
1067 2512 1228 2571 cammada
1247 2512 1319 2571 aliis

97 2563 104 2605 ἰ
220 2593 343 2653 calcia
354 2591 559 2667 infrascriptis.

282 2673 426 2732 Omnibus
438 2674 486 2732 dc.
528 2671 653 2732 Noverit
665 2673 839 2732 universitas
858 2676 954 2731 vestra
973 2692 1026 2732 nos
1050 2691 1102 2749 pro
1116 2674 1208 2734 salute
1222 2674 1317 2733 anime

221 2757 319 2814 nostre
332 2758 362 2813 et
375 2758 588 2813 antecessorum
600 2757 630 2812 et
643 2772 837 2813 successorum
850 2759 1014 2813 nostrorum
1028 2755 1064 2813 ad
1075 2756 1211 2814 honorem
1227 2755 1274 2814 dei
1288 2760 1318 2815 et

221 2835 342 2913 gloriose
355 2834 477 2911 virginis
487 2835 524 2894 de
534 2852 652 2893 assensu
662 2835 767 2911 Rogeri
776 2836 890 2895 Decani
900 2840 929 2894 et
943 2835 1072 2912 Capituli
1082 2838 1175 2896 nostri
1185 2836 1317 2895 Lineoln'

221 2917 393 2976 concessisse
406 2920 436 2974 et
449 2915 562 2975 dedisse
581 2916 614 2974 in
633 2916 753 2975 liberam
772 2934 875 2993 puram
895 2921 926 2975 et
945 2922 1112 2993 perpetuam
1132 2918 1318 2976 elemosinam

221 2997 376 3058 Canonicis
388 2996 499 3056 ibidem
513 2994 580 3078 [ete]
598 2997 791 3057 servientibus
812 2996 865 3056 deo
885 2997 918 3056 in
938 3003 1110 3074 perpetuum
1130 3004 1316 3075 augmentum

221 3096 437 3137 communesne
457 3077 494 3136 de
514 3078 632 3137 ecclesia
652 3077 689 3137 de
708 3078 866 3137 Netelhsm
886 3076 1006 3155 triginta
1018 3098 1135 3153 marcas,
1150 3079 1318 3139 deecclesia

221 3158 258 3218 de
272 3157 540 3219 Coseberdcherche
552 3159 743 3235 quadraginta
754 3178 872 3233 marcas,
887 3160 923 3217 de
938 3160 1056 3219 eeclesia
1069 3161 1105 3219 de
1125 3160 1317 3236 (issingehem

221 3233 342 3299 centum
361 3238 478 3313 solidos,
492 3240 529 3299 de
543 3240 661 3299 ecclesia
679 3240 716 3299 de
736 3240 854 3301 Stiltou’
869 3245 986 3300 eentum
1005 3241 1120 3315 solidos,
1143 3241 1180 3300 de
1200 3240 1319 3301 ecclesia
1422 3272 1424 3275 ·

222 3321 259 3379 de
283 3319 426 3379 Wuborn'
446 3319 612 3397 quindecim
631 3340 749 3396 merces,
762 3321 912 3381 habendas
935 3326 965 3381 et
988 3322 1167 3399 recipiendas
1189 3322 1318 3399 deipsis

221 3401 348 3461 ecclesiis
360 3420 426 3461 eum
438 3402 571 3479 proximo
583 3403 751 3463 vacaverint
759 3402 911 3462 aunuatim
923 3402 956 3461 in
966 3408 1089 3479 quatuor
1102 3404 1173 3463 anni
1186 3404 1317 3463 terminis

220 3501 388 3559 permanes
400 3501 498 3541 eorum
512 3483 565 3560 qui
583 3501 636 3560 pro
655 3487 785 3561 tempore
803 3484 881 3561 ipses
895 3483 1027 3543 ecclesias
1040 3484 1187 3543 tenuerint
1200 3503 1251 3561 per
1263 3503 1317 3543 nos

221 3568 252 3622 et
270 3581 445 3623 successores
463 3568 577 3624 nostros
596 3564 648 3641 qui
661 3564 697 3623 de
713 3564 785 3641 ipsis
802 3564 927 3625 ecclesiis
941 3570 971 3624 et
984 3565 1119 3625 omnibus
1131 3565 1317 3644 pertinenciis

221 3662 320 3705 earum
332 3644 519 3723 disponemus
531 3648 562 3705 et
574 3645 772 3706 ordinabimus
784 3664 837 3722 pro
849 3647 1007 3706 voluntate

710 3808 754 3866 Fo
768 3806 841 3867 31⁸.

198 3880 203 3893 .
227 3925 230 3932 '
282 3924 491 3980 ΡΕΝεΙΟΝΕε
510 3913 546 3972 de
558 3912 681 3973 areae
693 3803 855 3973 lteeltodn'
868 3917 895 3973 et
907 3914 978 3975 elice
990 3913 1195 3989 infiaseraptib.

281 3991 426 4053 Omnibus
439 3994 485 4053 dc.
528 3993 652 4054 Noverit
672 3993 844 4054 universitas
864 4000 959 4055 vestra
978 4015 1032 4055 nos
1048 4014 1100 4072 pro
1113 3994 1206 4053 salute
1218 3993 1315 4053 anime

221 4077 318 4133 nostre
331 4077 360 4132 et
373 4078 585 4134 antecessorum
598 4081 627 4135 et
640 4094 834 4135 suceessorum
847 4080 1009 4135 nostrorum
1022 4076 1061 4135 sd
1072 4076 1211 4134 honorem
1225 4074 1272 4133 dei
1286 4078 1316 4133 et

221 4153 343 4231 gloriose
355 4154 477 4231 virginis
490 4155 527 4215 de
539 4174 658 4215 assensu
671 4156 777 4233 Regeri
789 4156 902 4215 Decani
922 4161 952 4216 et
972 4156 1102 4233 Capituli
1121 4155 1213 4213 nostri
1232 4154 1315 4213 Linc’

133 4296 136 4302 ,
222 4235 392 4294 concessisse
416 4240 447 4295 et
469 4235 582 4296 dedisse
605 4237 638 4295 in
657 4236 776 4296 liberam
790 4255 893 4314 puram
906 4241 936 4296 et
948 4242 1116 4315 perpetuam
1129 4235 1315 4295 elemosinam

222 4315 376 4376 Canonieis
395 4315 505 4375 ibidem
525 4317 580 4376 deo
600 4317 793 4392 servientibus
810 4318 1021 4395 imperpetuum
1035 4320 1222 4394 augmentum
1242 4334 1316 4375 eom·

220 4414 310 4459 muue
323 4414 374 4456 sue
387 4396 424 4457 de
443 4398 562 4461 eeclesia
581 4398 618 4458 de
637 4398 795 4461 Netelhem
814 4399 934 4477 trigInte
953 4416 1070 4473 marcas,
1084 4398 1121 4457 de
1141 4396 1259 4459 eeclesia
1280 4396 1316 4456 de
